4844 6104
1231 634 1282 642 -
1321 547 1340 607 6
1385 579 1389 592 ³

388 752 428 816 In
450 754 534 816 terra
554 751 651 832 igitur
679 749 815 830 undique
842 748 1018 813 circumfusi
1047 749 1176 813 haerent
1203 768 1353 831 equorum
1375 749 1530 814 secundus
1551 753 1583 812 et
1604 750 1714 814 tertius
1737 750 1826 830 quasi
1847 752 1974 814 ruentes
1995 749 2028 812 in
2044 768 2123 828 earn,
2139 753 2270 832 uterque

390 864 469 927 alter
491 882 563 926 cum
586 861 681 925 altero
704 861 835 924 invicem
866 860 1032 923 cohaerens
1064 859 1289 944 (ὠθουμένω),
1327 862 1433 924 aether
1463 862 1568 924 autem
1594 860 1681 924 volut
1708 860 1740 923 in
1772 859 1871 924 stadio
1896 861 2013 924 metam
2047 861 2270 925 circumvolans

390 993 500 1040 currus
524 973 640 1038 circum
662 973 726 1034 tres
748 970 931 1052 posteriores
953 988 1048 1050 equos
1070 968 1294 1035 circumfertur.

543 1084 703 1147 Hactenus
714 1081 868 1144 mundum
882 1080 1032 1144 habemus
1048 1083 1195 1158 creatum,
1210 1080 1243 1142 in
1257 1080 1357 1144 varias
1372 1080 1486 1144 formas
1502 1082 1578 1144 bene
1593 1079 1785 1162 dispositum,
1801 1099 1875 1164 pace
1890 1081 2052 1147 fruentem.
2081 1081 2143 1146 Sed
2157 1085 2271 1163 negata

390 1197 438 1261 est
460 1213 478 1258 a
499 1195 562 1258 fato
585 1192 771 1274 sempiterna
793 1190 901 1254 mundi
923 1191 1018 1270 quies.
1050 1190 1206 1255 Turbatur
1227 1190 1317 1254 certis
1339 1190 1539 1272 temporibus.
1569 1190 1747 1253 Turbantur
1768 1191 1863 1272 igitur
1885 1192 1954 1272 equi
1970 1192 2078 1257 Dionis
2093 1193 2269 1273 turbatique

390 1305 563 1386 legentibus
578 1303 686 1366 turbas
701 1302 835 1365 movent.
861 1300 1051 1363 Ducentem
1073 1300 1145 1363 belli
1166 1302 1247 1363 inter
1268 1302 1423 1364 elementa
1445 1299 1570 1381 gerendi
1585 1303 1659 1363 sunt
1681 1319 1803 1381 genera,
1827 1300 1961 1365 alterum
1977 1321 2038 1383 quo
2052 1321 2113 1366 non
2128 1305 2270 1365 mutatur

389 1413 525 1479 universi
541 1414 628 1489 ratio,
646 1412 780 1474 alterum
804 1429 864 1491 quo
880 1410 944 1492 ipse
966 1410 1102 1474 muudus
1125 1409 1326 1474 labefactatus
1349 1411 1472 1474 corruit.
1504 1410 1587 1474 lllud
1609 1410 1681 1474 inde
1705 1429 1723 1473 a
1744 1411 1845 1475 verbis
1866 1410 1926 1501 ἤδη
1949 1414 1988 1478 όέ
2007 1439 2086 1480 ποτε
2107 1431 2206 1494 usque
2229 1413 2269 1476 ad

390 1533 433 1604 είς
457 1528 529 1593 δεον
549 1522 793 1606 καθιστάμενος
807 1519 956 1604 (dt-51)
980 1520 1168 1597 describitur,
1190 1522 1248 1584 hoo
1269 1521 1408 1601 sequitur
1430 1519 1508 1605 §51
1532 1520 1602 1584 inde
1624 1540 1643 1584 a
1664 1521 1766 1584 verbis
1789 1522 1893 1589 πόλιν
1909 1524 1945 1588 δε
1959 1528 2081 1610 ἑτέραν.
2116 1522 2175 1586 llla
2188 1523 2270 1585 inter

390 1637 546 1700 elementa
558 1633 753 1698 contentione
769 1633 872 1714 partes
890 1630 999 1694 mundi
1014 1631 1076 1694 sive
1092 1631 1213 1695 diluviis
1234 1633 1297 1694 sire
1319 1631 1466 1696 incendiis
1486 1631 1631 1695 fatalibus
1651 1631 1801 1708 delentur,
1823 1632 1881 1694 hoo
1903 1631 2039 1694 mundus
2060 1632 2125 1714 ipse
2147 1651 2270 1696 concre-

389 1749 495 1810 matur
516 1748 552 1806 ut
574 1763 671 1808 novus
695 1743 773 1806 exist
793 1745 815 1805 t.

542 1855 633 1918 Latet
656 1859 760 1918 autem
782 1854 892 1916 uitium
912 1852 945 1915 in
967 1853 1068 1916 verbis
1091 1854 1202 1933 quibus
1224 1852 1374 1916 transitus
1395 1852 1432 1915 fit
1454 1870 1472 1914 a
1492 1852 1591 1933 priore
1613 1857 1700 1933 parte
1723 1851 1761 1914 ad
1785 1851 1914 1916 alteram
1938 1851 1969 1932 (ξ
1993 1851 2058 1934 5ομ

593 1969 679 2034 εἶναι
712 1969 775 2055 γάρ
805 1964 930 2051 ὅμοιον,
953 1963 1059 2054 ὥσπερ
1082 1960 1164 2032 όταν
1186 1962 1331 2050 ἅρματος
1352 1961 1478 2050 ἡνίοχος
1504 1967 1568 2029 τῶν
1596 1966 1710 2029 λἰτιτων
1738 1961 1812 2030 τινά
1843 1962 1961 2062 κολάζῃ
1989 1968 2110 2056 χαλινῷ
2139 1963 2269 2043 σπάσας

594 2075 748 2168 ἢκέντρῳ
764 2077 946 2167 ἁψάμενος·
969 2075 986 2142 ό
1009 2078 1044 2141 δέ
1067 2077 1223 2165 ἐσκίρτησε
1250 2085 1305 2138 καὶ
1332 2065 1501 2160 ἐταράχθη
1531 2077 1734 2158 παραχρῆμα
1756 2079 1801 2150 είς
1822 2076 1896 2141 δέον
1916 2073 2164 2158 καθιστάμενος.
2186 2089 2268 2159 μίαν

592 2195 653 2272 μὲν
676 2181 733 2255 οὖν
753 2186 877 2275 ταύτην
900 2184 1062 2274 ἡνιόχησιν
1082 2183 1223 2272 ἰσχυράν,
1246 2181 1302 2269 οὐχ
1323 2180 1400 2249 ὅλου
1423 2189 1639 2270 φθειρομένου
1661 2181 1718 2250 τοι]
1742 2181 1873 2260 παντός.
1897 2183 2002 2252 πάλιν
2017 2186 2054 2251 dd
2075 2189 2190 2272 ἑτέραν
2210 2190 2268 2270 τῆς

592 2297 659 2364 ταῖν
673 2295 838 2385 τεττάρων
861 2296 1011 2381 κινήσεως
1033 2307 1086 2361 καὶ
1108 2293 1299 2378 μεταβολῆς,
1322 2294 1359 2360 ἐν
1381 2291 1529 2378 άλλὴλυις
1550 2295 1847 2376 μεταβαλλομένων
1868 2303 1924 2358 καὶ
1940 2293 2206 2362 διαλλαττόντων
2223 2296 2265 2360 τά

592 2408 672 2492 εἴδη,
695 2419 807 2495 μέχρις
829 2405 872 2474 άν
894 2412 938 2485 είς
958 2420 1037 2490 μίαν
1059 2401 1197 2471 ἅπαντα
1220 2405 1362 2498 συνέλθῃ
1385 2399 1482 2486 φάσιν
1503 2400 1687 2488 ἡττηθέντα
1710 2409 1767 2470 τοῦ
1789 2417 1975 2488 κρείττονος.

543 2516 683 2582 Similem
707 2535 773 2580 esse
795 2515 868 2579 dicit
890 2516 948 2579 Dio
970 2515 1050 2595 ignis
1071 2514 1244 2576 tumultum
1267 2513 1354 2576 adeo
1370 2513 1535 2576 coercitum
1551 2529 1629 2592 eqno
1644 2531 1663 2574 a
1677 2513 1883 2592 gubernatore
1898 2513 2057 2593 castigato.
2098 2514 2179 2578 Tum
2194 2534 2267 2579 vero

387 2628 553 2710 improprie
575 2626 713 2712 pergitur
735 2626 752 2693 ό
768 2630 803 2694 δὲ
818 2629 978 2714 ἐσκίρτησε
992 2630 1057 2692 κτλ.
1074 2625 1093 2688 i.
1109 2645 1136 2688 e.
1154 2624 1224 2703 „ille
1241 2626 1345 2686 autem
1362 2623 1535 2687 exsultabat
1547 2625 1577 2685 et
1591 2623 1777 2685 turbabatur
1793 2623 1868 2686 dum
1882 2623 1914 2684 in
1930 2622 2064 2686 officinm
2079 2625 2265 2690 reducitur.“

387 2737 509 2802 Immo:
534 2737 705 2816 castigatur
726 2737 799 2816 quia
820 2737 994 2800 exsultabat
1015 2739 1046 2800 et
1067 2736 1258 2804 turbabatur.
1280 2737 1311 2796 et
1330 2734 1508 2813 castigando
1524 2734 1624 2797 subito
1639 2734 1670 2795 in
1686 2733 1820 2796 officium
1835 2734 2000 2798 reducitur.
2036 2733 2158 2798 Scribas
2173 2735 2268 2816 igitur

387 2847 470 2917 όταν
493 2897 499 2911 .
519 2897 526 2912 .
549 2845 673 2936 ἡνίοχος
688 2853 751 2914 τῶν
772 2851 886 2916 ἵππων
901 2849 976 2916 τινά
1000 2847 1121 2940 κυλάζη
1146 2895 1177 2910 ..
1201 2858 1318 2934 κέντρῳ
1336 2841 1519 2934 ἁψάμενος,
1544 2841 1586 2918 ὃς
1609 2845 1771 2934 ἐσκίρτησε
1793 2856 1848 2910 καὶ
1864 2844 2045 2933 ἐταράχθη,
2063 2852 2266 2934 παραχρῆμα

388 2967 434 3038 είς
455 2961 530 3027 δέον
552 2957 838 3042 καθιστάμενον.

542 3067 687 3134 Graviore
710 3066 835 3130 vulnere
865 3065 1005 3129 laborant
1029 3065 1199 3146 sequentia,
1223 3064 1303 3145 quod
1325 3083 1387 3127 non
1410 3065 1598 3126 sanaverunt
1620 3065 1675 3127 aut
1696 3064 1839 3128 Reishius
1863 3067 1916 3128 aut
1938 3065 2061 3130 Reishio
2084 3083 2267 3130 succurrens

388 3178 551 3261 Emporion
573 3178 728 3259 cumpost
751 3169 809 3245 σόν
836 3177 1007 3239 insererent
1027 3182 1163 3260 λέγουσι.
1205 3175 1265 3238 Fac
1281 3174 1364 3238 enirn
1379 3174 1528 3256 scriptum
1550 3193 1616 3238 esse
1637 3189 1718 3260 μίαν
1739 3184 1800 3261 μεν
1815 3169 1873 3244 σόν
1895 3180 2118 3260 <λένουσιν>
2141 3175 2267 3265 ταύτην

386 3288 556 3375 ἡνιόχησιν
578 3289 714 3376 ἰσχυρόν
736 3292 802 3355 κτλ.
834 3287 907 3367 quid
933 3287 1143 3351 lucrabimur?
1176 3286 1242 3350 Hoc
1272 3285 1387 3350 diceret
1415 3285 1492 3348 Dio:
1526 3285 1625 3362 „hanc
1653 3303 1750 3347 unam
1781 3286 1888 3348 dicum
1918 3304 1985 3350 esse
2014 3285 2128 3349 fortem
2157 3305 2266 3350 currus

388 3399 651 3479 gubernationem,
666 3416 727 3478 qua
741 3397 823 3460 haud
840 3396 931 3479 plane
946 3396 1084 3461 deleatur
1102 3396 1269 3474 mnndus“,
1293 3398 1342 3460 cui
1357 3396 1531 3478 oppositum
1547 3397 1629 3458 esset
1644 3397 1746 3464 πόλιν
1761 3399 1796 3463 δὲ
1811 3401 1926 3486 ἑτέραν
1940 3402 2005 3464 κτλ.
2021 3397 2039 3462 i.
2057 3417 2099 3462 a:
2116 3398 2267 3477 „alteram

388 3511 494 3572 autem
523 3509 630 3573 dicunt
658 3526 728 3571 earn
759 3527 838 3588 quae
870 3512 954 3588 eqs.“
1000 3511 1151 3590 Apertum
1184 3510 1232 3570 est
1264 3525 1335 3570 eum
1369 3507 1421 3586 qui
1453 3506 1497 3568 ita
1528 3506 1665 3586 loquitur
1697 3508 1779 3569 inter
1806 3507 1866 3571 duo
1896 3507 2124 3587 gubernationis
2153 3527 2267 3589 genera

388 3618 600 3698 distinguere:
630 3619 730 3701 priore
752 3621 855 3701 partes
878 3618 988 3681 mnndi
1017 3617 1167 3695 delentur,
1196 3616 1331 3679 mundns
1359 3617 1507 3694 servatur,
1538 3615 1635 3678 altera
1664 3616 1800 3680 mundus
1822 3618 1886 3698 ipse
1915 3618 2004 3700 perit.
2049 3617 2127 3682 Nolo
2155 3636 2266 3700 urgere

387 3727 659 3808 conflagrationem
681 3747 792 3810 parum
815 3732 886 3810 apte
909 3727 1138 3808 gubernationis
1167 3727 1299 3809 speciem
1321 3726 1481 3790 nominari.
1527 3726 1675 3790 Graviora
1700 3728 1776 3790 haec
1806 3730 1888 3790 sunt.
1932 3727 2074 3791 Primum
2096 3729 2267 3792 excluditur

386 3839 446 3904 hac
468 3839 661 3904 distinctione
685 3858 704 3902 a
726 3838 916 3919 gubernandi
939 3839 1102 3918 generibus
1124 3837 1175 3900 ille
1198 3839 1298 3900 status
1321 3835 1437 3912 mnndi,
1460 3855 1521 3916 quo
1543 3835 1739 3918 potissimum
1761 3837 1925 3916 gubernari
1943 3838 2073 3916 videtur,
2101 3858 2173 3902 eum
2199 3838 2267 3902 dico

388 3970 448 4033 qno
476 3950 577 4032 quiete
600 3968 635 4013 ac
657 3967 732 4032 pace
754 3949 866 4012 fruitur
888 3949 1076 4012 universum.
1121 3946 1240 4010 Deinde
1263 3947 1302 4010 ad
1324 3952 1438 4036 ἑτέραν
1460 3963 1498 4008 ne
1522 3946 1659 4028 suppleri
1682 3946 1807 4028 quidem
1829 3950 1930 4030 potest
1951 3947 2124 4035 ἡνιόχησιν.
2155 3949 2266 4030 Neque

387 4061 470 4126 enim
493 4078 567 4124 eane
590 4059 753 4139 cogitantis
776 4061 823 4122 est
844 4059 888 4120 ita
910 4059 1009 4138 loqui:
1033 4057 1126 4120 aliam
1148 4053 1315 4144 ἡνιόχησιν
1337 4055 1452 4133 dicunt,
1489 4059 1595 4119 tamen
1618 4057 1712 4120 etiam
1734 4057 1818 4122 hunc
1838 4061 1960 4122 motum
1982 4079 2043 4122 non
2065 4062 2210 4123 verentur
2226 4097 2265 4106 —

387 4170 552 4260 ἡνιόχησιν
583 4169 694 4232 dicere.
746 4167 840 4232 Vides
862 4167 999 4248 undique
1022 4167 1203 4250 suspicionis
1232 4185 1341 4229 causas
1367 4184 1547 4230 concurrere
1574 4171 1681 4230 contra
1709 4170 1802 4232 verba
1823 4169 1958 4257 ἰσχυράν
1979 4165 2155 4257 ἡνιόχησιν,
2187 4189 2266 4250 quae

387 4281 463 4344 mihi
486 4279 630 4343 videntur
652 4297 668 4341 e
690 4278 830 4359 margine
862 4277 905 4362 (in
938 4297 998 4358 quo
1029 4278 1068 4341 ad
1100 4277 1349 4360 praecedentium
1379 4278 1604 4341 sententiarum
1627 4297 1783 4342 summam
1813 4279 2133 4361 comprehendendam
2161 4279 2269 4343 addita

387 4389 487 4472 erant)
519 4390 552 4452 in
586 4392 708 4452 textum
739 4389 897 4472 irrepsisse
931 4391 1024 4468 atque
1057 4387 1224 4468 genuinam
1257 4387 1419 4452 lectionem
1452 4388 1585 4452 eiecisse.
1647 4388 1810 4453 Causam
1843 4390 1982 4472 exposuit
2017 4391 2076 4454 Dio
2114 4392 2266 4456 leviorum

387 4501 592 4575 discidiorum‚
615 4517 693 4580 quae
705 4499 786 4561 inter
807 4500 961 4564 elementa
984 4499 1113 4562 existere
1136 4498 1236 4562 solent
1257 4500 1451 4580 eotempore,
1476 4517 1536 4578 quo
1559 4517 1658 4561 unum
1680 4502 1787 4562 contra
1807 4501 1926 4581 reliqna
1941 4505 2068 4583 pugnat.
2103 4502 2209 4584 Pergit
2226 4505 2265 4567 ad

386 4613 522 4676 maiora:
547 4627 694 4674 oausam
717 4609 878 4692 explicabit
899 4615 954 4697 τὴς
975 4615 1042 4678 ταῖν
1063 4601 1227 4696 τεττάρων
1247 4607 1393 4695 κινήσεως
1416 4619 1472 4674 καὶ
1493 4612 1685 4693 μεταβολῆς.
1723 4612 1822 4689 Atque
1845 4629 1956 4674 causae
1978 4611 2161 4676 vocabulum
2184 4615 2266 4693 quod

386 4723 597 4786 desideramus
613 4719 851 4803 deprehendisse
866 4719 942 4781 mihi
963 4719 1067 4782 videor
1088 4719 1120 4782 in
1141 4734 1231 4804 μίαν,
1243 4718 1324 4800 quod
1347 4721 1526 4822 corruptum
1549 4736 1616 4781 esse
1638 4718 1761 4783 videtur
1780 4739 1816 4783 ex
1830 4728 1979 4790 αἰτίαν.
1996 4722 2157 4805 Temptavi
2173 4723 2268 4804 igitur

386 4842 528 4902 αἰτίαν
549 4842 609 4919 μὲν
631 4828 689 4902 οὖν
710 4823 832 4917 ταύτην
855 4833 980 4900 (εἶναι
1003 4839 1265 4920 ταραχθέντος>
1288 4829 1346 4914 οάχ
1361 4827 1437 4897 ὅλου
1461 4839 1678 4916 φθειρομένου
1700 4836 1760 4898 τοῦ
1775 4823 1905 4910 παντός.
1939 4831 1989 4894 Ita
2003 4833 2051 4895 vel
2067 4833 2158 4896 simili
2172 4835 2264 4898 modo

386 4965 404 5010 a
425 4945 587 5009 levioribus
609 4943 706 5006 ruinis
729 4958 909 5024 progressus
931 4959 999 5004 esse
1022 4940 1142 5003 videtur
1165 4939 1223 5002 Dio
1254 4941 1293 5003 ad
1316 4939 1562 5020 conflagrationis
1585 4939 1829 5022 descriptionem,
1853 4942 1940 5004 cuius
1966 4960 2092 5006 oausam
2119 4947 2265 5012 extrema,

385 5058 478 5122 verba
499 5054 640 5119 reddunt.
685 5052 723 5114 In
745 5071 780 5115 eo
803 5053 885 5116 enim
907 5053 1007 5134 posita
1029 5053 1085 5129 est,
1109 5051 1191 5131 quod
1214 5051 1306 5114 certis
1327 5049 1517 5132 temporibus
1539 5049 1596 5114 sibi
1619 5051 1734 5114 cedunt
1756 5052 1917 5128 elementa,
1943 5053 2134 5134 usquedum
2156 5074 2256 5117 unum

384 5168 451 5231 scil.
475 5166 565 5247 ignis,
589 5164 701 5246 quippe
725 5162 807 5244 quod
829 5161 1032 5226 fortissimum
1055 5161 1102 5238 sit
1125 5162 1280 5242 rquuum
1303 5161 1352 5224 sit.
1400 5159 1481 5223 Nam
1504 5158 1546 5228 τό
1569 5174 1650 5249 μέρη
1673 5169 1734 5231 τοῦ
1755 5157 1875 5248 κόσμου
1898 5162 2047 5253 φθαρτά·
2071 5171 2113 5244 είς
2137 5162 2265 5249 ἄλληλα
