4844 6104
1019 569 1147 664 „Et

181 769 409 834 accuratissime
429 771 551 834 vertam
565 792 622 833 -:
645 770 751 834 Einale
774 769 957 852 principium
973 787 1040 835 esse
1055 771 1154 850 debet,
1169 773 1206 834 ut
1220 769 1378 834 nascentia
1392 767 1611 832 necessitatem
1634 768 1808 831 absolutam
1826 767 1970 846 habeant,
1987 767 2062 848 quia

179 877 216 945 τὰ
243 885 291 946 »εί
309 877 345 948 οδ
369 881 507 968 πρῶτον,
530 881 568 958 ἐξ
589 879 730 965 ἀνάγκης
750 879 786 947 τὰ
810 878 955 972 insopor«
982 899 1017 945 eo
1046 899 1152 944 rerum
1180 879 1299 944 factum
1328 879 1385 956 est,
1417 877 1499 958 quod
1522 877 1709 958 sequebatur
1740 897 1776 940 ex
1806 877 1887 940 illius
1917 877 2062 941 absoluta

180 989 372 1067 necessitate,
398 989 515 1055 initiale
537 992 650 1065 autem,
673 989 745 1070 quia
767 990 811 1052 sio
836 991 960 1054 tantum
986 990 1210 1073 deprehendere
1236 1005 1402 1072 possumus
1427 985 1465 1054 οδ
1494 994 1544 1066 „el
1567 987 1603 1054 τὰ
1633 993 1767 1072 πρῶτον,
1793 989 1830 1065 ἐξ
1852 983 1997 1076 ἀνάγκης
2022 985 2058 1052 νδ

179 1097 337 1187 narratae
375 1098 469 1164 Vides
492 1117 587 1180 quam
608 1099 718 1164 callide
739 1098 885 1162 extremis
907 1099 1006 1164 verbis
1028 1100 1194 1165 occuluerit
1214 1101 1308 1164 etiam
1330 1099 1415 1162 initio
1438 1116 1515 1180 opus
1537 1115 1613 1178 essex
1628 1097 1667 1160 ad
1689 1097 1769 1159 hanc
1790 1097 2016 1160 necessitatem.

333 1207 394 1273 Sed
417 1209 455 1272 de
469 1210 529 1273 hac
542 1209 793 1291 interpretatione
808 1209 990 1291 priusquam
1004 1209 1218 1283 iudicabimus,
1233 1209 1351 1272 iurabit
1367 1210 1460 1272 antea
1474 1207 1589 1286 videre,
1606 1224 1741 1288 quanam
1756 1207 1805 1269 via
1819 1206 2059 1288 Philupcnus

182 1317 355 1382 Aristotelis
392 1337 519 1382 sensum
549 1319 697 1382 extricare
726 1318 886 1384 studuerit.
945 1319 1001 1382 Bis
1030 1320 1081 1384 ille
1114 1319 1151 1383 de
1182 1319 1364 1384 necessitate
1398 1336 1477 1399 quae
1510 1320 1558 1382 est
1589 1321 1626 1398 ἐξ
1657 1317 1847 1396 ὑποθέσεως
1880 1315 2058 1398 disputarit.

180 1427 322 1491 Primum
354 1427 464 1506 baral,
493 1428 546 1492 ubi
578 1429 653 1492 haee
682 1428 755 1492 dicit
784 1431 896 1498 διττοῦ
927 1427 1017 1508 ὄντος
1048 1435 1106 1498 τοῦ
1138 1429 1327 1511 ἀναγκαίου,
1359 1434 1417 1496 τοῦ
1443 1434 1504 1513 μέν
1531 1427 1644 1506 ἁπλοῖς
1676 1431 1848 1511 λεγομένου
1880 1417 2060 1510 ἀναγκαίου

180 1543 261 1604 καθ’
282 1534 301 1604 ‘c‘
322 1566 431 1622 φαμεν
451 1545 498 1630 τῷ
520 1552 661 1630 προτέρῳ
684 1537 722 1605 ad
746 1538 896 1628 δεύτερον
917 1541 954 1617 ἐξ
983 1538 1122 1626 ἀνάγκης
1152 1538 1357 1622 ἀκολουθεῖν,
1390 1543 1447 1606 τοῦ
1479 1539 1515 1604 δὲ
1547 1538 1584 1615 ἐξ
1605 1535 1804 1615 ὑποθέσεως,
1838 1535 1915 1603 καθ’
1950 1534 1969 1601 3
2000 1535 2060 1604 τοῦ

181 1648 330 1732 δευτέρον
351 1641 560 1737 ἐκβεβηκόκος
584 1650 620 1726 ἐξ
641 1647 784 1736 ἀνάγκης
805 1646 844 1715 οδ
867 1647 1026 1738 πρότερον
1047 1646 1179 1737 ἀπέστη.
1223 1648 1384 1729 Leguutur
1406 1648 1483 1710 haec
1504 1646 1596 1709 rerba
1617 1646 1648 1708 in
1671 1663 1707 1708 ea
1728 1648 1816 1727 parte
1845 1644 2059 1727 disputationis

181 1756 398 1839 Philoponeae,
427 1776 506 1838 quae
529 1758 701 1822 secundum
727 1776 847 1822 morem
868 1756 1044 1840 interpretis
1070 1758 1153 1822 haud
1176 1757 1384 1840 spernendum
1413 1756 1501 1837 quasi
1522 1756 1713 1838 prooemium
1735 1755 1871 1818 continet
1898 1755 2059 1818 universae

181 1867 377 1948 quaestionis,
400 1867 437 1931 de
461 1885 523 1948 qua
545 1868 646 1949 agitur
669 1870 804 1932 extremo
819 1869 992 1932 Aristotelis
1015 1869 1124 1950 capite.
1163 1868 1235 1933 Noli
1256 1870 1363 1931 tamen
1385 1866 1457 1931 inde
1473 1865 1696 1930 dubitationem
1710 1867 1856 1948 repetere,
1871 1885 1949 1928 num
1965 1867 2060 1930 etiam

182 1977 221 2040 ad
243 1978 337 2041 verba
359 1977 430 2044 ἀλλ’
455 1977 523 2047 οὐδ’
542 1980 579 2058 ἐξ
599 1975 787 2057 ἀποθέσεως
810 1979 981 2043 Aristotelis
1003 1979 1157 2060 pertineat
1177 1979 1253 2041 haec
1274 1976 1443 2058 explicatio.
1482 1977 1527 2039 lta
1549 1976 1630 2039 euim
1646 1975 1860 2040 commentarii
1881 1979 1978 2058 parte,
1999 1995 2060 2058 qua

181 2088 257 2150 baec
277 2087 345 2168 ipsa
366 2088 459 2151 verba
480 2088 607 2164 ornarit,
628 2088 759 2151 iteratur
780 2087 868 2170 (68v7
892 2106 911 2151 a
931 2087 1023 2172 fiue):

385 2209 440 2265 καὶ
462 2211 539 2276 τέως
562 2201 727 2280 δείκνυσιν,
749 2197 799 2265 ὅτι
825 2205 856 2265 τί
876 2195 1048 2266 ἀποκέοιτο
1070 2197 1186 2267 εὐθεῖα
1210 2196 1354 2286 ἄπειρος,
1369 2201 1440 2266 εἶτα
1463 2200 1518 2264 ἐπὶ
1540 2203 1596 2285 τῆς
1623 2194 1725 2285 αὐτῆς
1747 2225 1822 2264 τινα
1845 2195 2060 2285 κινούμεναῆ

385 2307 651 2392 μεταβάλλοντα,
675 2305 840 2377 ἀδύνατον
862 2306 985 2386 τούτοις
1007 2300 1156 2395 ὑπάρξαι
1177 2309 1213 2374 sd
1236 2307 1352 2386 ἁπλῶς
1374 2303 1561 2390 ἀναγκαῖον.
1593 2313 1624 2373 τί
1643 2307 1706 2395 γὰρ
1729 2313 1774 2397 τῷ
1787 2304 1904 2397 πρώτρῖ
1931 2305 2001 2376 ὄντι
2022 2309 2059 2375 τὸ
2123 2379 2126 2386 ,

384 2415 516 2551 ῧρτερον
536 2419 573 2497 ἐξ
593 2415 734 2504 ἀνάγκης
756 2416 935 2486 ἀκολουθεῖ
955 2418 1011 2485 deci
1033 2415 1093 2506 τήν
1115 2423 1237 2486 ἑαυτοῦ
1260 2416 1355 2502 φύσιν
1377 2418 1452 2503 ἔχον
1473 2417 1510 2484 ad
1534 2417 1725 2500 ἀναγκαῖον,
1748 2418 1785 2484 έν
1809 2419 1844 2484 δὲ
1866 2423 1911 2507 aqi
1934 2416 2058 2508 ἀπείρῳ

387 2523 444 2596 cdx
466 2528 534 2594 ἔστι
557 2556 592 2594 το
616 2535 747 2613 πρῶτον
768 2539 824 2594 καῖ
846 2555 882 2594 το
905 2525 1038 2615 ὕστερον
1059 2532 1185 2610 λαβειν,
1210 2527 1418 2616 rrpddqtov‘
1395 2555 1436 2607 ως
1460 2525 1516 2594 οὐκ
1539 2525 1630 2592 ἔσται
1653 2529 1709 2592 ίπι
1737 2526 1862 2596 τούτοιν
1882 2527 1918 2593 sd
1942 2523 2059 2606 ἀπλοῖς

386 2636 582 2722 α’ναγκαίον,
605 2637 680 2706 αλλ’
702 2635 833 2708 eride
799 2667 834 2704 το
857 2640 894 2716 ἐξ
911 2637 1108 2717 υποθέσεως,
1134 2636 1177 2717 οἷς
1207 2631 1343 2719 λέγει·”
1325 2663 1404 2769 οπερ
1426 2664 1467 2722 ην
1494 2643 1526 2702 εί
1545 2663 1580 2702 το
1604 2632 1742 2724 ὕστερον,
1762 2649 1817 2703 καὶ
1845 2637 1880 2703 ad
1903 2637 2060 2768 πρότερον

385 2746 472 2828 έξ’
448 2741 604 2837 ανάγκης.
648 2756 680 2816 τί
700 2776 760 2816 ουν
780 2745 826 2835 μή
849 2747 939 2816 ἔστιν
960 2749 997 2816 ἐν
1018 2775 1055 2846 τη
1077 2744 1203 2837 ἀπείρῳ
1228 2743 1346 2838 slidesa
1367 2747 1402 2812 ad
1426 2745 1582 2835 πρότερον
1606 2757 1662 2812 και
1685 2746 1721 2813 ro*
1743 2743 1884 2879 ν’στερρν,
1907 2745 1944 2814 οὐ
1958 2774 2061 2832 μονον

387 2855 423 2925 τό
447 2854 608 2936 ἀπλως
584 2874 766 2941 αναγκαῖον
787 2885 843 2926 coa
863 2858 951 2926 ἔστιν
972 2859 1008 2926 ἐν
1030 2855 1122 2943 αὐτῇ,
1142 2856 1214 2924 ἀλλ’
1237 2852 1312 2924 οὐδὲ
1333 2883 1369 2922 το
1361 2855 1422 2934 ἐξ
1442 2853 1628 2934 ὑποθέσεως
1649 2857 1705 2922 drot
1727 2858 1788 2940 τήν
1812 2852 1916 2942 αὐτήν
1941 2863 2059 2924 αἰτίαν

335 2965 447 3046 Itaque
469 2985 508 3030 ne
531 2967 720 3050 Philupcnus
743 2967 869 3048 quidem
890 2967 1054 3030 lectionem
1076 2965 1150 3034 ἀλλ’
1172 2969 1209 3045 ἐξ
1228 2965 1412 3043 ὑποθέσεως
1436 2965 1528 3040 novit,
1556 2957 1609 3029 sed
1631 2964 1714 3028 idem
1735 2966 1918 3048 interpretat
1919 2985 1956 3028 ur
1978 2965 2059 3046 quod

184 3074 347 3156 explicarit
361 3076 544 3153 Alexander,
567 3078 684 3141 ratione
705 3095 776 3140 reru
800 3077 892 3159 plane
915 3076 1042 3141 diversa.
1087 3075 1227 3155 Negasse
1257 3075 1343 3138 enim
1374 3075 1401 3138 ei
1429 3074 1551 3138 ridetur
1572 3075 1762 3150 Aristoteles,
1785 3094 1856 3140 cum
1878 3075 2060 3140 necessitate

185 3184 326 3248 concludi
359 3204 448 3267 posse
481 3187 513 3250 iu
546 3186 667 3250 infinita
697 3187 893 3266 generatione
916 3205 952 3249 ex
973 3185 1139 3268 posteriorc
1160 3185 1254 3267 prius.
1299 3183 1385 3262 Quae
1416 3185 1571 3249 seutemia
1599 3205 1693 3266 quam
1722 3185 1858 3249 absurda
1884 3185 1926 3249 sit
1948 3186 2060 3250 clarius

185 3294 310 3376 patebit
332 3295 359 3358 si
381 3315 416 3360 eu
438 3298 577 3378 exemplo
598 3299 732 3370 utemur,
757 3314 816 3377 quo
839 3297 917 3360 solet
937 3296 995 3360 hoc
1016 3293 1220 3375 generationis
1236 3312 1334 3374 genus
1350 3295 1457 3357 notare
1471 3296 1661 3360 Aristoteles.
1697 3295 1767 3359 Hoc
1787 3296 1870 3360 euim
1891 3297 2060 3377 negantem

185 3404 259 3468 fucit
280 3405 468 3488 Philupcnus
490 3406 699 3482 Aristotelem,
721 3405 783 3470 filio
805 3409 878 3470 nato
901 3404 1040 3470 concludi
1060 3423 1150 3487 posse
1172 3402 1267 3468 fuisse
1289 3404 1381 3467 huius
1408 3403 1462 3467 filii
1492 3406 1628 3486 patrem!
1671 3405 1807 3470 Causam
1829 3408 1934 3469 autem
1956 3405 2060 3484 fuisse,

183 3515 219 3576 ut
239 3515 283 3578 ita
303 3515 461 3594 iudicaret,
477 3517 635 3580 Aristoteli
650 3535 807 3580 summam
821 3517 853 3579 iu
875 3515 996 3579 infinita
1017 3513 1212 3595 generatione
1235 3513 1507 3596 perturbationem,
1530 3515 1640 3596 inqua
1661 3533 1701 3578 ne
1725 3515 1915 3597 deprehendi
1936 3516 2061 3598 quidem

182 3627 287 3706 posset
307 3625 393 3706 prius
416 3629 509 3706 atque
532 3627 693 3708 posterius.
737 3627 877 3707 Denique
898 3625 1073 3689 Aristotelis
1096 3623 1283 3687 sententiam
1304 3625 1348 3686 ita
1371 3625 1555 3707 explicatam
1577 3644 1638 3689 non
1653 3625 1769 3689 veritus
1791 3627 1839 3690 est
1860 3626 2060 3708 impugnare:

184 3733 291 3816 (69⁸1)
313 3743 419 3804 ίστέον
440 3738 475 3803 δὲ
496 3733 548 3803 ὅτι
578 3739 666 3804 δοκεῖ
691 3737 736 3822 μή
766 3743 1028 3824 κατωρθωμένων
1056 3737 1140 3802 εἶναι
1169 3733 1205 3800 τό
1235 3741 1380 3804 τοιοῦτον
1408 3735 1611 3824 ἐπιχείρημα.
1657 3734 1719 3799 Sed
1748 3735 1805 3798 has
1833 3735 2060 3800 criminationes

182 3842 287 3908 futiles
323 3863 378 3927 per
414 3865 447 3910 se
483 3865 584 3926 neque
622 3865 659 3909 ex
694 3846 761 3927 ipsa
797 3845 957 3927 Philupoui
991 3843 1244 3925 interpretatione
1283 3847 1371 3926 aptas
1414 3863 1498 3907 nuno
1537 3847 1636 3910 mitto.
1700 3845 1808 3926 Neque
1848 3845 2061 3930 interpretatio

182 3953 343 4037 Philupoui
362 3955 415 4018 diu
433 3974 489 4020 nos
512 3956 690 4032 morabitur,
710 3974 782 4019 cum
800 3957 865 4038 ipse
882 3953 1062 4018 Aristoteles
1083 3952 1183 4016 atahe
1198 3956 1303 4036 aperte
1321 3953 1404 4017 dicat
1422 3953 1459 4021 od
1480 3955 1542 4044 γάρ
1565 3954 1701 4042 ἀνάγκη,
1723 3963 1754 4022 εί
1767 3952 1787 4022 ct
1802 3953 1912 4044 παοηρ
1924 3958 2059 4040 ἐγένετο,

184 4073 218 4131 σὲ
240 4074 406 4149 γενέσθαι·
433 4063 507 4133 ἀλλ’
529 4072 560 4132 εί
578 4065 626 4139 σύ,
657 4066 795 4143 ἐκεῖνον,
825 4081 926 4145 neque
950 4065 1060 4143 agatur
1081 4063 1138 4127 hoc
1159 4062 1224 4127 loeo
1246 4062 1284 4126 de
1306 4063 1521 4140 concludendi,
1550 4064 1605 4128 sed
1634 4065 1671 4128 de
1700 4065 1845 4146 gignendi
1868 4065 2060 4129 necessitate.

336 4174 513 4238 Redeamus
535 4175 630 4254 igitur
651 4175 690 4238 ad
706 4174 924 4250 Alexandrum,
947 4173 1034 4236 cuiue
1055 4171 1315 4255 interpretationis
1338 4190 1462 4236 summa
1483 4172 1562 4237 haec
1582 4178 1664 4238 erat:
1689 4194 1749 4239 uon
1772 4194 1863 4257 posse
1884 4175 1917 4238 in
1938 4175 2059 4240 infinita

182 4284 261 4347 serie
275 4286 486 4348 necessarium
502 4285 573 4367 poni
588 4285 748 4359 ultimum;
770 4285 865 4366 igitur
879 4301 941 4347 non
956 4282 1130 4346 redundare
1146 4283 1185 4346 ab
1201 4283 1311 4346 ultimo
1333 4283 1552 4346 necessitatem
1569 4284 1607 4347 ad
1622 4284 1739 4366 priora;
1762 4285 1857 4366 igitur
1871 4305 1932 4349 non
1948 4304 2015 4349 esse
2029 4285 2061 4348 iu

182 4395 241 4458 hac
262 4395 339 4458 serie
351 4395 446 4477 prius,
470 4414 507 4458 ex
522 4414 582 4476 quo
604 4414 676 4458 cum
690 4394 874 4458 necessitate
889 4395 1038 4474 sequatur
1057 4393 1221 4474 posterius.
1256 4392 1339 4456 Nam
1353 4412 1415 4457 non
1428 4393 1568 4474 sequitur
1582 4394 1648 4470 hcc,
1663 4395 1721 4458 nisi
1736 4415 1791 4478 per
1806 4415 1838 4459 se
1853 4395 2061 4459 necessarium

182 4507 230 4567 cst
239 4505 402 4587 posterius.
440 4504 543 4583 Quam
553 4505 837 4587 interpretationem
848 4522 884 4567 ea
896 4503 1066 4567 subtilitate
1079 4503 1244 4585 expolitam
1258 4521 1334 4582 esse,
1351 4521 1446 4585 quam
1461 4505 1657 4585 expectamus
1672 4505 1780 4570 inviro
1795 4506 1870 4570 artis
1886 4504 2061 4569 dialecticae

181 4615 475 4696 peritissimonemo
483 4616 721 4697 negabitneque
729 4633 826 4695 aequo
837 4613 939 4678 animo
948 4614 1129 4678 dimicarem
1138 4613 1669 4696 oumAlexandrodeiuterpretaudo
1678 4615 1851 4690 Aristotele,
1860 4615 2062 4679 nisiriderem

182 4745 254 4790 eum
275 4726 378 4808 ipsum
401 4725 439 4788 da
461 4726 625 4790 verborum
647 4726 899 4790 Aristoteleoruru
921 4724 1120 4807 explicatione
1142 4725 1308 4790 dubitasse.
1330 4725 1424 4787 Tituli
1436 4725 1520 4788 euim
1536 4725 1629 4788 verba
1651 4725 1798 4813 ἐξήγησις
1820 4729 1932 4805 λέξεως
1953 4723 2061 4806 ἄλλως

181 4837 301 4921 ἔχουσα
330 4836 423 4925 nopai
454 4836 512 4921 την
537 4836 575 4904 έν
595 4841 642 4926 aqi
663 4843 707 4914 είς
735 4834 815 4905 αὐτὰ
846 4833 1034 4922 ὑπομηματι
1072 4835 1165 4898 aliam
1198 4834 1484 4918 interpretationem
1517 4835 1655 4899 indicant
1679 4835 1867 4916 propositam
1900 4834 1993 4898 luisse
2030 4837 2061 4898 in

182 4946 414 5009 commentario.
1323 4923 1327 4930 ⁴

336 5057 437 5136 Atque
459 5055 517 5118 hoc
537 5055 674 5137 primum
696 5055 874 5131 notaverim,
897 5072 934 5117 ea
956 5073 1035 5135 quae
1057 5053 1232 5118 Alexander
1254 5053 1291 5117 de
1314 5053 1536 5134 significatione
1560 5057 1616 5143 τῆς
1640 5054 1738 5144 ἀρχῆς
1762 5054 1842 5130 dicit,
1864 5053 1928 5118 rim
1949 5054 2062 5119 inferre

182 5165 283 5229 verbis
304 5165 486 5230 Aristotelia.
530 5165 624 5230 Illum
648 5165 730 5228 enim
752 5165 804 5228 ubi
826 5164 863 5228 de
885 5164 947 5228 fine
970 5164 1064 5228 simul
1090 5167 1182 5246 atque
1204 5163 1292 5228 initio
1319 5164 1524 5245 generationis
1554 5165 1626 5246 agit,
1656 5185 1717 5229 non
1746 5166 1861 5229 mirum
1887 5167 1935 5228 est
1962 5165 2064 5255 ἀρχῆς
