4844 6104
1320 511 1356 570 10

595 719 662 796 γοῦν
685 713 753 782 ἀπό
774 711 827 800 της
849 724 962 799 τέχνης
984 723 1040 780 καί
1062 713 1128 780 τιῦν
1150 719 1264 798 χειρῶν
1287 715 1488 804 παραχρῆμα
1510 721 1570 783 τοῦ
1593 713 1788 801 ποιήσαντος
1809 729 1937 805 κρείττω
1964 727 2020 782 καὶ
2049 707 2273 804 στιλπνότερα.

596 830 738 893 καὶτῶν
760 824 934 910 φυτιῦντοό
959 821 1100 909 νειότερα
1123 822 1348 913 εὐθαλέστερα
1371 825 1437 891 τοῖν
1462 824 1618 891 παλαιῶν
1642 821 1706 890 όσα
1729 851 1765 891 τε
1785 828 1938 904 βλαστοῖς
1960 823 2096 892 ἐοικότα.

546 933 683 998 Mundus
707 937 812 997 autern
826 951 939 1015 pronos
953 932 984 994 in
1001 950 1098 996 annos
1113 932 1304 1013 degenerans
1320 931 1453 996 hominis
1471 933 1580 996 similis
1595 939 1652 1011 est,
1675 934 1762 996 onius
1778 933 1888 997 vitain
1902 934 2066 998 infantium
2080 936 2275 997 iuventutern

394 1045 552 1108 maturam
582 1045 716 1107 aetatem
745 1044 939 1106 seneotutem
973 1041 1126 1106 dividitur.
1182 1041 1337 1105 Infantem
1364 1061 1434 1106 vero
1457 1043 1612 1107 mundum
1633 1043 1665 1106 in
1691 1045 1854 1127 propatulo
1876 1047 1924 1108 est
1948 1044 2158 1126 gratissimam
2180 1044 2276 1108 brisre

395 1153 579 1217 adversariis
595 1152 758 1216 cavillandi
780 1152 945 1234 Chrysippi
967 1170 1104 1216 oausam.
1156 1151 1221 1214 Neo
1243 1151 1379 1229 defuere,
1404 1154 1457 1232 qni
1477 1155 1640 1216 uterentur
1662 1154 1820 1218 oeeasione
1844 1154 1956 1220 oblata.
2007 1153 2155 1219 Conferte
2182 1155 2277 1219 velim

395 1284 431 1328 ea
454 1283 545 1356 quae¹
560 1263 732 1328 Critolaum
763 1265 887 1328 seeutns
911 1265 1018 1326 auetor
1040 1262 1134 1326 libelli
1157 1262 1194 1325 de
1217 1264 1398 1327 aeternitate
1426 1264 1536 1327 mnndi
1565 1263 1697 1346 dieat:¹)
1728 1313 1759 1330 ..
1783 1283 1915 1332 σκοπεῖν
1936 1263 2040 1347 ἄξιον,
2067 1261 2118 1332 ὅτι
2145 1270 2215 1333 πᾶν
2235 1265 2275 1330 τὸ

393 1367 569 1460 γενόμενον
598 1376 635 1444 ἐν
664 1373 749 1472 οἷρχῇ
775 1382 835 1458 μὲν
864 1376 915 1441 δεῖ
943 1365 1075 1451 πάντως
1104 1373 1214 1452 οἷτελὲς
1242 1376 1339 1448 εἶναι,
1362 1365 1475 1464 χρόνου
1507 1375 1543 1440 δὲ
1576 1365 1744 1464 προιόντος
1778 1372 1945 1451 αὔξεσθαι
1975 1388 2068 1461 μέχρι
2097 1379 2278 1452 παντελοῦς

395 1485 595 1566 τελειώσεως,
609 1482 692 1552 dms
714 1491 744 1550 εἰ
762 1495 892 1567 χέχονεν
914 1482 931 1548 ό
954 1481 1079 1567 κόσμος,
1092 1477 1130 1571 ἦν
1151 1495 1212 1567 μέν
1234 1491 1328 1563 ποθ’,
1352 1488 1410 1552 ἵνα
1432 1481 1520 1566 adrui
1543 1479 1714 1569 χρήσωμαι
1735 1498 1802 1562 τοῖς
1824 1483 1957 1572 ἦλικιιόν
1986 1478 2132 1570 ὀνόμασι,
2163 1485 2278 1580 κομιδῇ

396 1590 523 1684 νήπιος,
546 1597 732 1675 ἐπιβαίνων
754 1597 782 1661 δ’
796 1587 898 1672 αὖθις
919 1595 1080 1662 ἐνιαυτῶν
1103 1585 1261 1681 περιόδοις
1283 1606 1339 1660 καί
1361 1585 1471 1680 μήκεσι
1492 1593 1617 1683 χρόνων
1639 1593 1704 1678 όιβὲ
1728 1607 1783 1662 καὶ
1805 1593 1895 1678 μόλις
1918 1594 2095 1682 ἐτελειώθη
2113 1641 2120 1654 ·
2139 1644 2146 1656 .
2162 1594 2219 1662 τόν
2241 1597 2279 1661 δὲ

396 1706 514 1789 κόσμον
542 1709 575 1772 εἴ
601 1731 649 1782 τις
678 1707 798 1788 νομίζει
828 1693 1014 1793 χρήσασθαί
1040 1729 1119 1770 ποτε
1147 1721 1218 1782 ταῖς
1240 1703 1410 1782 τοιαύταις
1432 1708 1640 1788 μεταβολαῖς,
1670 1697 1890 1795 α’θεραπεύτῳ
1920 1719 2022 1794 μανίᾳ
2046 1717 2279 1793 κεκρατημένος

396 1817 439 1902 μή
464 1814 656 1897 α’χνοείσθω·
678 1816 778 1901 δῆλον
800 1813 864 1903 χοέρ
886 1812 928 1890 τός
960 1809 999 1880 ού
1019 1812 1120 1898 μόνον
1142 1811 1246 1881 αὐτοῦ
1273 1814 1308 1879 τό
1338 1815 1551 1897 σωματοειδὲς
1579 1811 1812 1902 αῦξηθήσεται,
1839 1813 1985 1904 λη’ψεται
2012 1815 2048 1881 δὲ
2075 1813 2167 1884 καὶὸ
2196 1816 2275 1892 νοῦς

396 1927 550 1993 ἐπίδοσιν
572 1974 604 1987 ..
636 1923 753 1992 οῦκοῦν
775 1920 960 2013 α’νθριόπου
981 1922 1102 2011 τρόπον
1123 1925 1159 1991 ἐν
1182 1921 1266 2019 οἷρχῇ
1288 1930 1348 2007 μὲν
1370 1924 1427 2006 τῆς
1447 1937 1595 2005 γενέσεως
1617 1922 1732 2006 ἄλογος
1753 1925 1854 2007 ἐσται,
1878 1974 1934 1987 ...
1959 1923 2045 2010 όόπερ
2067 1972 2098 1988 .·
2121 1921 2275 1993 ῦπονοεῖν

398 2035 524 2115 ἀσεβές
547 2039 613 2102 κτλ.
669 2034 789 2097 Iterum
822 2035 928 2096 autem
956 2033 1051 2096 habes
1073 2032 1206 2095 Dionem
1230 2031 1404 2095 Stoioornm
1436 2031 1617 2095 adversariis
1640 2033 1684 2095 ita
1706 2034 1932 2114 obloquentem,
1956 2035 1991 2096 ut
2012 2034 2151 2115 ipsorum
2174 2034 2276 2098 verbis

400 2146 514 2208 utatur.
559 2145 667 2225 Pergit
689 2145 771 2207 enim
794 2145 827 2224 (ξ
844 2145 908 2224 59);
1811 2197 1815 2204 .

602 2254 697 2342 ἦμέν
718 2253 782 2345 χοῖρ
804 2248 989 2344 α’νθριόπου
1011 2253 1104 2338 φύσις
1126 2263 1229 2334 νηπία
1253 2279 1287 2316 τε
1302 2263 1357 2316 καὶ
1372 2249 1501 2339 ύδαρής,
1524 2252 1621 2337 όμοία
1637 2246 1802 2344 Δήμητρος
1826 2251 1933 2322 α’τελεί
1953 2246 2041 2352 χλόη,
2065 2258 2275 2345 προελθοῦσα

603 2367 640 2432 δὲ
665 2371 709 2443 εἰς
738 2362 774 2431 τό
805 2377 924 2451 μέτρον
952 2362 1038 2452 δόρας
1065 2373 1120 2428 καὶ
1148 2361 1295 2449 νεότητος
1326 2359 1452 2440 παντός
1480 2361 1626 2448 α’τεχνιῦς
1657 2371 1758 2447 φυτοῦ
1780 2382 1921 2452 κρεῖττον
1943 2377 1997 2432 καὶ
2021 2367 2281 2452 ἐπιφανέστερον

604 2468 785 2562 βλάστημα·
815 2473 831 2540 ό
862 2476 897 2540 δὲ
928 2465 1058 2557 ξύμπας
1081 2463 1219 2559 ούρανός
1246 2483 1358 2538 τεκαὶ
1385 2465 1508 2555 κόσμος,
1540 2470 1595 2539 δ’τε
1622 2479 1754 2561 πρῶτον
1781 2479 1994 2562 συνετελέσθη
2016 2482 2190 2563 κοσμηθεὶς
2212 2472 2280 2543 ῦπό

603 2591 660 2671 τῆς
683 2584 871 2670 σοφωτάτης
893 2595 948 2651 καὶ
969 2581 1096 2670 α’ρίστης
1118 2592 1238 2670 τέχνης,
1260 2579 1333 2670 ἄρτι
1354 2583 1422 2649 τῶν
1438 2587 1497 2650 τοῦ
1512 2583 1707 2667 δημιουργοῦ
1722 2590 1839 2668 χειροῖν
1853 2581 2112 2672 α’πηλλαχμένος,
2128 2587 2279 2672 λαμπρός

604 2707 660 2762 καὶ
681 2695 815 2778 διαυγής
838 2704 893 2759 καὶ
916 2693 999 2760 πᾶσι
1023 2708 1088 2771 τοῖς
1110 2704 1217 2778 μέρεσι
1240 2703 1453 2776 παμφαίνων,
1478 2691 1620 2779 νήπιος
1641 2701 1715 2777 μέν
1731 2691 1872 2762 οῦδένα
1895 2695 2040 2781 χρόνον
2055 2697 2181 2777 ἐγένετο
2204 2694 2280 2764 udde

604 2803 747 2892 α’σθενὴς
769 2805 853 2871 aare?
877 2806 938 2890 τήν
960 2803 1173 2890 ἅνθρωπίνην
1195 2812 1304 2868 τεκαὶ
1328 2803 1454 2887 θνητήν
1477 2807 1531 2885 τῆς
1555 2802 1676 2884 φύσεως
1699 2803 1888 2886 οἷσθένειαν,
1905 2817 1972 2884 νέος
1990 2807 2026 2871 δὲ
2041 2817 2097 2871 καὶ
2120 2804 2282 2888 α’κμύζων

604 2914 706 2993 εύθῦς
728 2914 797 2982 α’πό
819 2920 873 3001 τῆς
896 2913 1004 3003 ἀρχῆς.

554 3024 702 3089 Oeterum
724 3023 952 3088 animadvertas
976 3041 1071 3105 quam
1093 3023 1171 3085 laete
1195 3023 1337 3101 assurget
1358 3021 1534 3100 eloquentie
1555 3021 1710 3103 scriptoris
1733 3022 1764 3084 in
1787 3023 1844 3085 heo
1870 3025 2008 3086 extrema
2033 3023 2155 3088 fabulae
2180 3027 2280 3106 perte,

402 3137 455 3218 qui
480 3135 608 3200 tandem
637 3135 778 3217 sepositis
807 3134 970 3216 Chrysippi
1000 3132 1206 3197 voluminibus
1235 3131 1355 3214 proprio
1385 3131 1494 3212 spiritu
1523 3131 1629 3208 fertur,
1660 3135 1696 3195 ut
1729 3135 1837 3215 sponte
1872 3133 1959 3197 nobis
1981 3133 2098 3214 Vergili
2130 3136 2282 3198 memoria

403 3247 528 3324 orietur,
553 3247 606 3326 qni
630 3244 763 3310 eundem
785 3245 952 3326 genitalem
975 3243 1057 3307 diem
1078 3242 1186 3305 mundi
1210 3227 1377 3324 simplioius
1399 3241 1565 3306 eelebravit
1587 3243 1618 3304 et
1639 3243 1804 3324 pnlohrius.

555 3357 650 3420 Nobis
673 3375 743 3420 vero
764 3356 904 3419 nondum
925 3356 1000 3418 lieet
1010 3353 1218 3438 Chrysippum
1239 3351 1402 3414 dimittere.
1436 3350 1643 3414 Redeundnm
1666 3353 1749 3415 enim
1770 3355 1826 3430 est,
1848 3353 1932 3416 unde
1956 3354 2080 3418 deflerit
2102 3356 2280 3438 disputatio,

404 3467 442 3532 ad
457 3467 685 3550 palingenesiae
697 3467 821 3529 initium
833 3466 865 3548 (ξ
878 3467 941 3540 54).
972 3467 1086 3528 Aetum
1101 3464 1168 3527 eret
1182 3462 1218 3525 de
1235 3463 1380 3543 quattuor
1395 3460 1491 3540 equis
1507 3479 1614 3524 omnes
1628 3461 1661 3525 in
1677 3481 1766 3526 suem
1781 3463 1988 3527 substantiam
2002 3467 2137 3529 verterat
2150 3467 2280 3548 primus

402 3579 494 3641 Nune
515 3578 642 3642 demum
663 3577 752 3659 piget
772 3577 905 3640 Dionem
927 3574 1078 3656 equestris
1099 3573 1182 3636 illins
1206 3570 1450 3654 comparationis,
1467 3589 1560 3650 quem
1574 3571 1638 3634 iam
1654 3591 1748 3656 supra
1761 3573 1894 3638 vidimus
1909 3575 1980 3638 inde
1996 3595 2015 3638 a
2029 3576 2129 3641 verbis
2143 3575 2228 3664 ὅμως
2244 3581 2280 3644 δὲ

403 3688 527 3752 abiectis
549 3688 640 3769 nugis
662 3687 836 3769 legentibus
858 3704 970 3769 puram
992 3685 1226 3764 absolutamque
1248 3699 1414 3764 proponere
1436 3679 1652 3758 substantiam,
1669 3684 1731 3746 sive
1746 3684 1850 3764 ignem
1864 3686 2046 3767 primarium
2062 3687 2125 3751 sive
2140 3691 2281 3752 mentem

404 3799 548 3874 divinam,
565 3798 664 3878 qualis
675 3797 768 3861 fuerit
783 3817 817 3860 eo
828 3800 976 3879 tempore,
990 3814 1050 3876 quo
1066 3793 1206 3858 nondum
1220 3791 1373 3855 mundum
1385 3792 1551 3853 creaverat.
1574 3791 1695 3856 Notabo
1704 3795 1808 3856 autem
1822 3795 1958 3876 primum
1968 3795 2133 3860 ridionlnm
2145 3816 2282 3862 errorem

402 3911 546 3991 vulgatae
567 3909 716 3987 lectionis,
741 3927 834 3989 quem
849 3907 946 3971 sensit
962 3905 1087 3986 quidem
1106 3903 1277 3986 Emperius,
1293 3905 1399 3964 tamen
1413 3899 1529 3981 reoepit
1546 3901 1578 3962 in
1594 3902 1759 3968 editionem
1775 3923 1873 3968 snam.
1916 3906 1966 3969 Ita
1981 3908 2064 3970 enim
2079 3907 2128 3972 bio
2138 3908 2281 3990 legimns,

604 4023 751 4104 λειφθεὶς
764 4020 828 4108 γαρ
841 4019 880 4104 δὴ
897 4017 994 4104 μόνος
1012 4015 1028 4082 ό
1045 4021 1116 4094 νοῦς
1130 4027 1185 4081 καὶ
1200 4015 1303 4082 τόπον
1325 4009 1499 4100 α’μήχανον
1509 4011 1678 4096 ἐμπλήσας
1700 4012 1803 4084 αῦτοῦ
1824 4044 1869 4098 γε,
1886 4016 1945 4084 οἵτε
1959 4045 1996 4099 χε
2011 4028 2112 4097 πίθος
2127 4026 2282 4106 πανταχῆ

605 4143 788 4216 κεχυμένος,
811 4123 943 4206 οῦδενός
965 4130 1001 4196 ἐν
1023 4125 1113 4217 αύτηῖ
1134 4131 1260 4194 πυκνοῦ
1279 4127 1480 4206 λειφθέντος,
1510 4118 1596 4188 α’λλοέ
1622 4123 1727 4209 πάσης
1752 4120 1992 4217 ἐπικρατούσης
2018 4122 2204 4213 μανότητος,
2225 4126 2279 4196 ὅτε

606 4239 774 4318 κάλλιστος
800 4252 943 4321 γίγνεται
971 4240 1029 4326 την
1058 4232 1300 4325 καθαρωτάτην
1329 4230 1445 4312 λαβιόν
1473 4231 1571 4318 αῦχῆς
1604 4233 1769 4320 α’κηροὶτου
1791 4231 1890 4320 φύσιν
1918 4237 2022 4314 εὐθύς
2051 4231 2197 4327 ἐπόθησε
2221 4241 2280 4308 τόν

606 4351 643 4421 ἐξ
664 4348 764 4436 οἷρχῆς
786 4355 869 4428 βίον.

556 4457 682 4522 Nesoire
704 4477 754 4522 me
777 4458 874 4522 fateor
897 4457 970 4538 quid
993 4457 1033 4519 sit
1055 4456 1171 4519 dolium
1194 4454 1307 4534 ubique
1334 4452 1447 4516 fusum.
1491 4450 1572 4514 ltem
1603 4473 1664 4518 non
1693 4473 1848 4537 assequor,
1879 4477 1933 4521 our
1962 4459 2104 4540 Emperio
2134 4459 2193 4524 Dio
2224 4462 2282 4524 boo

404 4571 469 4634 loeo
484 4569 799 4634 videaturoarillatus
822 4587 898 4632 esse.
931 4567 1057 4632 Aooedit
1072 4564 1153 4648 quod
1169 4567 1234 4628 tam
1250 4562 1383 4627 absurde
1399 4561 1553 4624 sententia
1568 4582 1606 4626 ne
1622 4565 1736 4629 tradita
1750 4568 1876 4650 quidem
1891 4572 1946 4632 est.
1979 4569 2282 4634 InMeermanniano

405 4681 489 4744 enim
511 4679 614 4750 αὐτοῦ
635 4707 672 4762 γε
693 4687 809 4746 πίθωσ
828 4679 950 4759 legitur.
982 4679 1052 4744 Non
1075 4679 1176 4742 dioem
1197 4673 1360 4754 eontigisse
1382 4671 1457 4734 mibi
1480 4671 1659 4737 utDiouem
1681 4677 1886 4755 restituerem,
1913 4679 1966 4744 sed
1988 4684 2063 4762 puto
2086 4682 2185 4745 simile
2208 4681 2283 4762 quid

405 4792 443 4854 eb
466 4809 501 4854 eo
523 4790 673 4873 seriptum
695 4789 790 4853 fuisse
813 4790 878 4853 eius
901 4790 982 4871 qnod
1004 4807 1188 4873 proponam:
1211 4781 1337 4862 αὐτός
1360 4777 1556 4866 πεφυκός.
1591 4783 1679 4861 Quod
1701 4791 1738 4851 ut
1761 4789 1885 4853 eredam
1900 4790 2036 4874 primum
2059 4794 2217 4856 structura
2231 4812 2283 4856 me

404 4903 508 4964 moret
528 4901 620 4984 plane
643 4900 820 4982 aequabilis,
844 4919 939 4981 quem
962 4900 1017 4964 tali
1043 4899 1214 4964 mutatione
1243 4897 1410 4958 lucremur.
1455 4889 1568 4956 Videas
1599 4897 1681 4959 enim
1704 4918 1799 4980 quam
1821 4904 1962 4965 aeenrate
1991 4903 2046 4966 sibi
2076 4902 2286 4984 respondeant

558 5133 579 5196 ¹)
597 5131 629 5186 os.
647 5148 671 5200 p.
689 5130 764 5196 2463
781 5130 903 5198 Bernays.
