4844 6104
1092 545 1131 608 19

1005 629 1206 641 --υ-ι-

1074 749 1125 824 ΙΙ.

318 897 357 962 In
379 901 515 962 extrema
536 901 623 981 parte
645 898 794 961 librorum
816 895 854 960 de
878 896 1081 962 Generatione
1105 900 1136 961 et
1157 899 1350 980 corruptione
1365 896 1390 980 ¹)
1413 897 1668 961 Aristoteles
1699 897 1914 978 quaestionem
1935 900 2043 978 morit,

168 1026 247 1090 quae
279 1009 415 1073 multum
442 1008 638 1090 philosophos
667 1007 796 1084 vexavit,
820 1007 873 1088 qui
904 1009 975 1089 post
1007 1027 1080 1071 eum
1108 1007 1259 1085 vixerunt,
1281 1009 1388 1070 utrum
1415 1006 1449 1068 iu
1479 1006 1625 1070 mutiana
1651 1025 1757 1070 rerum
1784 1009 1982 1088 generatione
2011 1028 2047 1073 ex

168 1117 350 1182 necessitate
382 1118 537 1199 quaedam
564 1117 650 1194 fiant
681 1135 721 1180 an
753 1115 857 1181 omnia
878 1117 998 1199 possint
1030 1117 1123 1180 etiam
1155 1136 1217 1180 non
1249 1116 1325 1180 fieri.
1376 1116 1478 1196 Atque
1500 1115 1646 1198 primum,
1677 1118 1713 1180 ut
1732 1117 1819 1195 solet,
1849 1137 2047 1182 communem

166 1228 329 1292 verborum
352 1245 479 1291 sensum
501 1229 626 1291 secutus
648 1245 716 1290 rem
738 1227 869 1309 exponit.
913 1227 961 1290 Da
984 1245 1046 1308 qua
1067 1227 1150 1291 enim
1171 1245 1204 1290 re
1225 1244 1334 1291 verum
1345 1223 1475 1288 dicimus
1497 1223 1549 1292 ὅτι
1572 1225 1688 1294 ἔσται
1711 1226 1856 1310 dicentes,
1873 1227 1911 1292 de
1933 1229 2042 1292 eadem

168 1357 239 1402 cum
260 1338 389 1402 veritate
412 1336 578 1418 aliquando
600 1336 824 1401 contendemus
848 1332 899 1403 ὅτι
921 1336 1005 1418 dom
1027 1335 1080 1400 sed
1102 1336 1184 1400 idem
1205 1355 1268 1399 non
1291 1334 1373 1398 valet
1395 1334 1432 1397 de
1454 1334 1606 1398 locutione
1627 1331 1679 1402 ‘du
1700 1338 1820 1422 μέλλοι.
1860 1335 1942 1402 Sunt
1964 1339 2048 1402 enim

169 1466 248 1528 quae
270 1448 389 1529 possint
411 1451 442 1512 et
464 1465 530 1512 esse
552 1449 584 1512 et
605 1465 666 1510 non
690 1464 766 1524 esse,
796 1446 880 1509 unde
902 1447 1043 1528 sequitur
1065 1466 1132 1512 esse
1166 1446 1261 1510 etiam
1288 1462 1366 1526 quae
1392 1443 1512 1526 possint
1533 1447 1565 1507 et
1594 1445 1724 1508 existere
1752 1447 1784 1510 et
1815 1465 1877 1510 non
1899 1447 2046 1523 existere;

167 1561 260 1639 atque
284 1558 442 1639 quaeritur
466 1561 571 1622 utrum
599 1557 704 1622 omnia
726 1575 805 1638 quae
834 1557 1002 1636 gignuntur
1025 1557 1090 1620 eius
1112 1555 1197 1620 modi
1218 1556 1289 1631 sint,
1313 1573 1351 1619 an
1376 1555 1439 1618 sint
1461 1555 1555 1618 etiam
1578 1573 1658 1636 quae
1676 1557 1849 1620 necessario
1869 1557 1999 1638 gignant
2040 1614 2045 1624 .

169 1667 250 1732 Sunt
272 1669 386 1732 autem.
431 1668 514 1731 Nam
536 1670 611 1732 sunt
631 1668 712 1731 tales
735 1667 798 1730 sive
820 1685 924 1730 rerum
947 1667 1009 1730 sive
1031 1665 1184 1730 factorum
1207 1665 1295 1745 quusi
1316 1665 1439 1729 vinculo
1461 1668 1623 1729 catenatae
1645 1664 1726 1728 inter
1748 1684 1781 1730 se
1804 1667 2045 1746 coniunctiones,

166 1779 198 1840 in
221 1777 333 1858 quibus
354 1778 452 1860 posito
475 1779 571 1842 altero
585 1778 670 1861 prius
699 1795 825 1842 necesse
855 1779 903 1840 est
933 1776 1142 1852 antecessisse,
1175 1775 1261 1838 velut
1290 1773 1450 1837 aedificata
1479 1773 1569 1838 domo
1591 1793 1716 1839 necesse
1739 1778 1788 1839 est
1807 1775 2047 1843 fundamentum

166 1890 260 1952 antea
286 1888 403 1952 iactum
433 1889 483 1952 sit.
538 1887 600 1952 Sed
629 1887 725 1952 oritur
760 1887 908 1967 quaestio,
943 1905 1021 1949 num
1043 1885 1138 1950 etiam
1158 1884 1279 1948 inverso
1301 1883 1407 1947 ordine
1428 1884 1507 1949 haec
1528 1886 1681 1950 conclusio
1703 1886 1814 1950 valeat.
1860 1887 1931 1952 Non
1954 1889 2046 1955 valet.

165 1998 249 2063 Nam
271 1999 331 2064 atei
353 2017 474 2081 semper
497 2017 533 2062 ex
555 1999 726 2061 necessario
748 1998 845 2060 altero
860 1996 1001 2077 sequitur
1021 1995 1116 2078 prius,
1139 2013 1175 2058 ex
1204 1993 1303 2076 priore
1330 1995 1400 2056 tum
1426 1993 1553 2057 demum
1574 1997 1722 2076 sequetur
1746 1997 1907 2078 posterius,
1945 1999 1971 2062 si
1990 1999 2048 2063 hoc

165 2109 317 2192 posterius
343 2127 399 2191 per
427 2127 459 2172 sc
487 2107 651 2172 oriundum
681 2109 729 2171 est
757 2126 793 2172 ex
821 2107 1012 2170 necessitate.

319 2250 498 2332 Sequuntur
519 2251 620 2326 verba,
643 2269 723 2332 quae
745 2248 826 2333 apud
846 2249 1024 2312 Belikerum
1047 2246 1218 2328 (3371’25).
1247 2246 1291 2310 sic
1311 2245 1473 2326 leguntur:

369 2401 400 2461 εἰ
417 2403 478 2479 μὲν
499 2386 557 2464 οὑν
578 2401 622 2473 εἰς
644 2390 783 2479 ἄπειρον
810 2396 893 2462 εἰσιν
919 2393 976 2460 ἐπὶ
1001 2393 1038 2458 τό
1069 2382 1167 2472 κάτω,
1199 2386 1257 2458 οὑκ
1286 2391 1378 2458 ἔσται
1406 2389 1531 2474 οἷνοὶγκη
1557 2391 1594 2458 τὸ
1622 2389 1754 2482 ὕστερον
1782 2385 1861 2462 τὺὑε
1888 2409 2046 2479 γενέσθαι

369 2502 494 2582 ἁπλοῖς.
525 2503 598 2571 ἄλλ’
628 2500 696 2572 οὑδ·
719 2504 756 2582 ἐξ
783 2501 982 2580 ὑποθέσεως
1011 2499 1062 2568 ciel
1088 2501 1152 2589 ycip
1184 2506 1291 2585 ἕτερον
1320 2501 1508 2589 ἔμπροσθεν
1535 2498 1663 2589 οἷνοὶγκη
1693 2503 1795 2587 ἔσται,
1824 2506 1867 2572 δι’
1896 2505 1915 2574 ὑ
1943 2509 2046 2579 ἐκεῖνο
2159 2528 2162 2535 ’

370 2610 499 2700 οἷνὺγκη
528 2621 697 2696 γενέσθαι.
727 2609 803 2680 ὑπ’
830 2620 861 2679 εἰ
884 2614 926 2697 μη
957 2612 1044 2678 ἔστιν
1073 2607 1157 2698 ὑρχη
1186 2609 1244 2677 τοὺ
1270 2607 1418 2699 circatore,
1449 2609 1526 2680 οὑδὲ
1553 2617 1683 2702 πρῶτον
1709 2613 1803 2681 ἔσται
1830 2614 1932 2695 otides,
1953 2620 1998 2686 δι’
2028 2619 2048 2686 ὑ

370 2720 553 2804 α’ναγκαῐον
574 2723 665 2790 ἴαται
686 2733 856 2805 γενέσθαι.
1975 2725 1978 2732 ’

318 2880 406 2945 Addo
429 2880 591 2946 dissentire
613 2883 751 2947 codicem
773 2883 846 2946 liet
861 2881 988 2944 titulum
1010 2880 1102 2962 capiti
1124 2877 1217 2942 XXII
1238 2879 1308 2943 libri
1329 2877 1363 2943 II
1384 2879 1552 2944 Alexandri
1567 2878 1792 2958 Quaestionum
1812 2887 2047 2971 praescriptum,

166 2991 218 3056 ubi
241 2990 308 3060 οὐδ’
329 2991 481 3056 omissum
503 2994 560 3056 est.

319 3134 405 3198 Haec
434 3133 590 3198 sententia
619 3134 659 3197 ad
689 3135 817 3198 verbum
845 3133 976 3196 veranii
1002 3133 1047 3195 ita
1067 3130 1132 3196 fers
1160 3133 1319 3197 reddenda
1344 3135 1414 3198 erit:
1449 3135 1495 3212 „si
1522 3135 1555 3198 in
1583 3135 1739 3199 inlinitum
1770 3137 1834 3201 abit
1862 3142 2047 3224 (generatio)

167 3245 313 3309 deorsum
335 3263 425 3309 versa
445 3244 479 3328 (i.
503 3263 529 3308 e.
553 3245 710 3325 generatio
732 3262 837 3307 rerum
858 3241 1045 3320 futurarum,
1069 3241 1106 3306 ci.
1120 3243 1244 3326 33828),
1267 3262 1329 3307 non
1350 3262 1476 3308 necesse
1499 3245 1558 3307 erit
1579 3249 1700 3310 certum
1723 3248 1876 3329 posterius
1907 3250 2046 3316 absolute

165 3354 240 3418 lieri.
286 3354 348 3420 Sed
368 3375 408 3420 ne
429 3354 594 3437 hypothesi
616 3355 741 3436 quidem
764 3353 854 3418 lacta.
901 3351 1030 3436 Semper
1051 3353 1135 3417 enim
1159 3353 1242 3418 alind
1265 3355 1438 3419 necessario
1460 3356 1641 3421 antecedere
1664 3355 1763 3433 debet
1792 3377 1852 3440 quo
1881 3359 1959 3424 illud
1980 3360 2047 3425 fieri

166 3485 291 3532 necesse
315 3467 371 3531 est.
414 3465 526 3546 Itaque
549 3465 576 3528 si
598 3465 686 3530 deest
706 3465 845 3528 infinitas
868 3463 958 3528 seriei
981 3463 1112 3540 initium,
1134 3481 1174 3528 ne
1194 3465 1331 3547 primum
1354 3464 1479 3547 quidem
1502 3465 1560 3529 erit
1582 3465 1706 3547 aliquid,
1733 3486 1788 3549 per
1810 3470 1892 3550 quod
1921 3489 2048 3536 necesse

165 3579 224 3643 erit
245 3577 321 3642 illud
345 3577 486 3643 existat.“
521 3576 568 3639 Dc
590 3575 638 3639 his
659 3576 761 3640 verbis
782 3575 919 3639 multum
940 3574 1097 3638 laborasse
1118 3579 1239 3638 veteres
1261 3593 1361 3656 neque
1381 3575 1498 3638 mirum
1523 3577 1572 3640 est
1600 3578 1631 3640 et
1651 3579 1738 3660 patet
1766 3597 1802 3642 ex
1832 3579 2049 3663 Philoponi

165 3689 387 3754 commentario
409 3689 441 3750 et
462 3705 498 3750 ex
520 3686 605 3751 brevi
625 3686 846 3750 Alexandri
867 3685 1122 3768 interpretatione
1144 3686 1267 3749 servata
1287 3684 1320 3747 in
1342 3682 1565 3762 Quaestionum
1586 3685 1628 3765 ll,
1642 3689 1692 3752 22.

316 3833 458 3896 Primum
484 3831 579 3913 igitur
606 3833 642 3894 ut
674 3849 731 3914 par
763 3832 811 3894 est
843 3830 1060 3913 adoptimum
1087 3830 1171 3893 hunc
1199 3829 1310 3893 ducem
1338 3829 1536 3910 refugiemus
1563 3832 1773 3897 Alexandrum
1802 3832 1877 3896 dico.
1922 3832 1983 3898 Sed
2014 3834 2047 3898 iu

164 3943 328 4009 Aristotele
349 3942 499 4007 nonnulla
520 3942 651 4006 obscura
672 3944 754 4018 sunt
776 3941 941 4006 Alexandri
951 3959 1022 4004 vero
1044 3940 1139 4004 verba
1159 3941 1225 4002 tam
1246 3939 1344 4003 densa
1365 3940 1476 4003 obruta
1497 3941 1572 4004 sunt
1594 3941 1730 4023 caligine,
1758 3943 1794 4004 ut
1814 3961 1886 4006 cum
1904 3943 2048 4024 plagulas

165 4054 305 4120 editionis
327 4072 415 4118 meas
438 4053 633 4134 corrigerem,
654 4053 747 4135 plane
770 4051 965 4134 desperarem
986 4051 1018 4114 et
1039 4051 1133 4114 verba
1147 4048 1350 4114 multifariam
1364 4052 1508 4133 corrupta
1522 4051 1639 4115 intacta
1652 4051 1868 4132 relinquerem.
1905 4051 2048 4136 Propono

165 4185 202 4230 ea
222 4182 306 4229 nunc
326 4164 411 4242 talia,
435 4163 539 4245 qualia
559 4162 591 4226 in
607 4161 725 4226 Veneto
748 4162 857 4238 codice,
880 4161 970 4225 unico
991 4159 1215 4238 Quaestionum
1236 4159 1330 4238 fonte,
1351 4160 1467 4225 tradita
1490 4164 1573 4226 sunt.
1608 4161 1712 4225 Etiam
1738 4160 1921 4244 Spengelius
1945 4160 2050 4241 Quaa-

166 4277 302 4341 stionum
324 4274 423 4338 editor
443 4274 475 4336 in
497 4274 555 4338 hoc
578 4273 676 4356 capite
699 4271 855 4336 nesciendi
878 4273 944 4334 arte
967 4289 1042 4334 usus
1064 4273 1120 4335 est.

368 4441 468 4507 XXII.
491 4441 696 4532 Ἐξηγησις
717 4447 864 4521 λέξεως
887 4443 928 4508 ἐκ
949 4441 1017 4508 τοὺ
1041 4441 1239 4529 δευτέρου
1261 4452 1564 4530 respiraveram
1594 4452 1665 4508 καὶ
1692 4447 1854 4530 φθορᾶς
1877 4439 2048 4531 Ἀριστο-

367 4559 508 4633 τέλους
542 4552 674 4634 ditm
713 4553 860 4641 ἔχουσα
894 4553 1006 4643 πυροὶ
1038 4551 1108 4639 την
1133 4552 1178 4618 ἒν
1202 4552 1255 4641 τῷ
1277 4558 1331 4630 εἰς
1356 4549 1456 4619 αὑτὰ
1487 4542 1770 4636 ὑπομνήματι·
1805 4550 1823 4638 η’
1856 4553 1902 4619 ὑὲ
1934 4556 2048 4632 λέξις

367 4669 476 4734 ἐστὶν
502 4661 584 4749 η’ὑε·
628 4671 677 4732 Εἰ
702 4673 777 4751 μὲν
803 4656 874 4733 οὑν
900 4670 955 4740 εἰς
985 4657 1160 4748 ἄπειρον
1182 4661 1289 4728 εἰσιν
1318 4660 1389 4726 ἐπὶ
1414 4661 1457 4726 cri
1481 4651 1606 4739 κάτω,
1643 4659 1714 4731 οὑκ
1736 4661 1857 4728 ἔσται
1887 4654 2048 4748 α’νὺγκη

367 4773 410 4844 ac*
445 4771 619 4864 ὑστερον
651 4774 744 4842 τόδε
775 4780 977 4857 γενέσθαι
1011 4769 1168 4854 ninius,
1203 4766 1291 4838 ἄλλ’
1325 4772 1368 4848 ἐξ
1399 4768 1660 4851 ὑποθέσεως·
1697 4772 1765 4841 οἷεῖ
1796 4772 1872 4859 reip
1908 4779 2049 4866 ἕτερον

368 4886 612 4972 ἔμπροσθεν
633 4878 791 4970 ἀνάγκη
813 4885 950 4960 ἔσται,
973 4883 1022 4948 δι’
1043 4881 1061 4947 ὑ
1084 4884 1216 4950 έκεῖνο
1239 4874 1395 4967 οἷνὺγκη
1418 4893 1628 4965 γενέσθαι.

318 5159 339 5220 ¹)
356 5155 396 5210 De
414 5173 472 5225 gen.
491 5161 518 5210 et
537 5171 601 5210 corr.
619 5153 654 5220 11,
667 5154 697 5206 ll
717 5153 825 5208 337234.
