4844 6104
1291 479 1329 541 16

1205 567 1405 576 ----ι

364 685 492 766 quidem
515 682 627 761 ἁπλοῖς
648 685 893 766 intellegendam
914 702 981 748 esso
1003 685 1118 747 monet.
1162 684 1322 748 Abscnum
1344 683 1426 746 enim
1448 701 1516 746 esse
1539 684 1632 747 simul
1654 683 1763 747 urbem
1786 689 1817 748 et
1832 683 1947 748 animal
1963 683 2117 747 mundum
2133 683 2248 748 dicere.

365 793 451 872 Quae
474 788 567 858 verba
590 795 663 874 quid
687 794 743 858 sibi
765 795 867 870 velint,
891 811 985 876 supra
1006 799 1018 868 (
1020 813 1050 876 p.
1075 793 1129 876 13)
1151 794 1322 876 expositum
1345 794 1398 856 est.

517 906 619 984 Atque
641 905 716 967 haec
738 905 841 967 omnia
862 903 938 965 mihi
971 901 1097 984 quidem
1124 903 1192 967 luce
1214 902 1358 966 ridentur
1379 903 1442 966 iam
1467 921 1529 965 non
1556 921 1667 968 carere.
1711 903 1823 966 Restat
1852 905 1957 966 autem
1986 921 2102 984 magna
2129 904 2248 986 periodi

365 1033 460 1097 supra
485 1013 654 1096 exscriptae
671 1032 758 1096 pars,
783 1031 862 1094 quae
882 1012 1024 1076 nondum
1048 1011 1190 1094 expedita
1212 1013 1266 1088 est,
1289 1012 1385 1075 verba
1406 1029 1485 1092 quae
1507 1016 1544 1113 τῇ
1565 1018 1624 1081 νῦν
1647 1001 1850 1099 διακοσμήσει
1872 1012 2079 1094 explicationis
2107 1031 2201 1077 causa
2228 1033 2248 1076 a

364 1124 511 1206 scriptore
534 1123 639 1186 addita
660 1126 734 1186 sunt
756 1123 908 1205 explicatu
930 1121 1118 1186 difficillima.
1164 1120 1303 1199 Quorum
1323 1121 1446 1184 initium
1469 1121 1595 1202 quidem
1617 1139 1729 1184 sanum
1752 1122 1808 1185 est
1847 1121 1998 1202 Loquitur
2020 1122 2102 1184 enim
2123 1122 2182 1187 Dio
2204 1123 2246 1186 de

364 1252 399 1297 ec
414 1231 522 1296 mundi
537 1234 684 1314 tempora,
708 1251 768 1313 quo
790 1233 971 1297 universum
995 1232 1197 1314 „dispositum
1220 1233 1269 1294 est
1290 1233 1383 1314 atque
1406 1231 1602 1314 dispertitum
1623 1231 1655 1292 in
1670 1231 1771 1294 varias
1785 1231 1971 1313 plantarum,
1992 1230 2196 1296 animantium
2213 1235 2247 1296 et

362 1343 541 1407 mortalium
554 1343 585 1406 et
599 1341 823 1430 immortalium
845 1323 977 1405 necnon
993 1341 1071 1404 aeris
1086 1343 1186 1404 terrae
1202 1359 1299 1423 aquae
1314 1341 1393 1422 ignis
1409 1340 1553 1406 formas.“
1588 1341 1656 1404 Iam
1671 1359 1741 1404 vero
1755 1341 1788 1403 in
1803 1341 2054 1406 Mearmannianc
2070 1345 2246 1424 sequuntur

362 1454 438 1516 haec
459 1452 554 1515 verba
575 1455 611 1522 ἐν
633 1449 730 1519 οὐδὲν
751 1445 846 1538 ἧττον
868 1448 1013 1537 responde
1036 1452 1072 1518 ἐν
1095 1446 1203 1518 ἅπασι
1224 1448 1352 1529 τούτοις
1381 1463 1437 1518 καὶ
1459 1451 1521 1541 μιᾷ
1544 1456 1636 1548 ψυχῇ
1657 1462 1713 1517 καὶ
1736 1449 1873 1534 δυνάμει
1894 1443 2089 1534 διεπόμενον
2118 1451 2142 1520 ά
2163 1443 2244 1536 μήτε

362 1563 403 1660 τῇ
430 1552 523 1630 πέλει
553 1553 799 1646 προσεικάζουσι
829 1565 903 1644 art,
930 1579 965 1624 ex
989 1558 1146 1639 quibusda*
1169 1560 1249 1649 μήτε
1271 1565 1312 1658 τῇ
1332 1560 1496 1642 Emporius
1518 1559 1742 1642 speciosissima
1763 1559 1938 1622 coniectura
1959 1579 2084 1624 sanasse
2110 1561 2242 1640 videtur,

362 1691 433 1736 cum
459 1670 612 1760 ἀμηγέπη
636 1670 810 1752 scripserit;
851 1669 931 1750 quod
959 1669 985 1732 si
1013 1687 1122 1732 verum
1159 1671 1214 1745 est,
1243 1660 1435 1754 διεπόμενον
1463 1668 1587 1732 claudet
1617 1669 1815 1732 enuntiatum
1846 1669 1884 1732 ab
1916 1667 2059 1758 ὅπηνικοι
2092 1671 2240 1753 pendens.

362 1781 471 1844 Dicam
494 1782 599 1843 autem
621 1779 757 1862 primum
780 1779 817 1842 de
839 1779 925 1842 initio
952 1779 1121 1842 sententiae
1143 1778 1234 1842 modo
1256 1779 1439 1860 propositae.
1474 1781 1575 1859 Atque
1603 1778 1732 1842 dubium
1753 1798 1815 1843 non
1838 1781 1886 1841 ast
1911 1797 2005 1842 sensu
2027 1797 2150 1843 cassum
2172 1799 2242 1844 esse

362 1891 444 1970 quod
466 1889 599 1952 traditur
621 1892 658 1956 ἐν
688 1886 786 1958 οὔδὲν
815 1879 921 1978 ἧττον.
967 1887 1067 1970 Opem
1096 1888 1174 1950 ferra
1200 1888 1291 1952 multi
1320 1888 1515 1953 studuerunt.
1568 1888 1732 1970 iimpen'us
1758 1888 1919 1973 primurm)
1945 1889 2090 1970 vulgatae
2119 1889 2242 1954 lectioni

363 2005 413 2081 (lv
435 1997 541 2068 οὔὸενῑ
563 1991 675 2088 ἧττον)
699 1999 910 2081 patrocinatus
932 1997 1015 2062 hunc
1036 1997 1144 2062 Dionis
1166 2017 1294 2061 sensum
1316 2017 1383 2062 esse
1411 1998 1553 2080 opinatus
1581 2001 1629 2062 est
1657 1997 1707 2076 „in
1734 2000 1822 2060 tanta
1848 2017 1953 2069 rerum
1979 1999 2177 2068 multitudine
2207 2001 2241 2064 in

360 2111 448 2174 nulla
484 2110 532 2172 sui
560 2111 648 2191 parte
680 2109 888 2184 (universum)
915 2107 1049 2171 deterius
1080 2109 1128 2170 est
1150 2127 1244 2188 quam
1266 2108 1297 2171 in
1319 2109 1475 2190 reliquis.“
1522 2107 1583 2172 Sed
1606 2109 1663 2172 atsi
1685 2107 1920 2172 concederemus
1942 2127 2031 2191 posse
2056 2109 2101 2171 ita
2127 2129 2241 2174 sanum

361 2220 451 2300 loqui,
464 2221 570 2282 contra
591 2218 708 2282 Stoicos
730 2219 922 2300 pugnantem
943 2217 1017 2280 iacit
1031 2217 1163 2280 Dionem
1178 2217 1349 2300 Emporius,
1366 2218 1512 2299 quoniam
1526 2219 1559 2281 in
1574 2217 1729 2282 vilissimis
1745 2217 1888 2282 admirati
1900 2221 1974 2282 sunt
1987 2219 2089 2283 inesse
2105 2220 2239 2304 deum2).

360 2331 467 2394 Brevis
490 2348 541 2392 ero
564 2329 601 2391 de
624 2328 774 2409 Pflugclrii
790 2327 949 2406 Geaiiique
972 2327 1163 2402 coniecturis,
1187 2346 1318 2407 quorum
1345 2328 1396 2390 ille
1419 2329 1455 2397 iv
1477 2327 1581 2397 cuidant
1606 2321 1702 2416 ἧττον
1723 2321 1874 2413 πεφυκός,
1898 2328 2049 2404 <aab
2071 2332 2108 2397 ἐν
2129 2327 2238 2398 ἅπασι

359 2438 378 2507 ὅ
383 2455 451 2526 μοί
455 2469 501 2519 ως
524 2450 589 2512 καὶ,
613 2439 663 2502 hic
684 2440 720 2506 ἔν
742 2436 850 2506 οὐδενὶ
872 2430 969 2525 ἧττον
990 2429 1140 2522 πεφυκός,
1162 2439 1199 2505 ἐν
1220 2437 1326 2505 άπασι
1348 2440 1383 2505 δέ
1405 2437 1517 2522 ὅμοίως
1539 2450 1595 2505 καὶ
1611 2438 1741 2520 scripsit.
1785 2437 1944 2520 Namque
1967 2439 2034 2503 iure
2057 2439 2238 2503 universum

358 2551 458 2612 inesse
481 2547 600 2611 dicatur
630 2548 661 2609 in
685 2548 824 2629 partibus
847 2547 980 2610 universi
1002 2567 1063 2611 non
1084 2547 1239 2628 intellego.
1283 2548 1436 2612 Subtilius
1469 2548 1675 2628 excogitatum
1708 2550 1765 2625 est,
1799 2547 1881 2629 quod
1913 2552 2021 2631 postea
2045 2549 2238 2631 lampenae)

357 2658 516 2742 proposuit
530 2659 597 2726 νοῦ
619 2659 659 2725 δὲ
680 2649 787 2744 ἧττον,
811 2656 892 2736 quod
914 2657 959 2720 ita
980 2657 1210 2740 interpretatur,
1235 2658 1413 2721 universum
1436 2658 1609 2721 subiectum
1632 2675 1698 2720 asse
1720 2658 1833 2720 mentis
1857 2658 2065 2722 dominationi.
2103 2657 2163 2723 Sed
2173 2678 2235 2722 non

357 2768 484 2832 decebat
506 2765 644 2831 Stoicum
666 2767 746 2829 inter
768 2765 947 2829 universum
969 2770 1001 2830 et
1022 2767 1115 2831 deum
1139 2766 1336 2847 distinguere,
1359 2769 1408 2832 cui
1430 2770 1598 2846 utrumque
1620 2766 1702 2829 idem
1725 2785 1792 2830 esse
1815 2766 1915 2831 debet.

510 2876 619 2940 Ordior
645 2876 790 2958 equidem
819 2877 857 2939 ab
880 2895 924 2954 eo,
949 2895 1008 2957 quo
1038 2896 1100 2940 non
1128 2894 1179 2940 me
1205 2875 1286 2957 fugit
1316 2879 1420 2958 augeri
1449 2876 1672 2952 difficultatem,
1702 2876 1794 2939 verba
1822 2877 1963 2962 πεφυκὸς
1992 2913 2032 2923 -
2054 2869 2182 2956 τούτοις
2205 2887 2236 2942 et

354 2986 548 3072 ὀιοπὸμενον
569 3005 631 3050 non
653 3004 743 3068 posse
766 2985 848 3049 dicta
870 3004 937 3050 esse
960 2985 998 3049 de
1020 2985 1129 3049 eadem
1150 3004 1191 3048 re.
1234 2985 1427 3071 διεπόμενον
1456 2985 1539 3050 enim
1563 2987 1652 3072 ψοχῆ
1674 2987 1722 3049 est
1741 2985 1930 3049 universum.
1971 2985 2113 3072 Πεφοιιός
2129 2989 2234 3050 autem

354 3101 391 3164 la
412 3095 520 3164 ἅπασι
541 3090 666 3173 τούτοις
688 3095 748 3159 diei
768 3097 877 3176 nequit
899 3095 958 3158 uisi
981 3096 1018 3159 tie
1041 3113 1077 3159 aa
1097 3095 1233 3160 universi
1263 3101 1358 3178 parte,
1392 3115 1471 3178 quae
1500 3115 1554 3178 per
1587 3067 1694 3159 omnes
1718 3094 1829 3159 diffusa
1862 3097 1918 3172 est,
1950 3096 1970 3159 i.
2005 3115 2030 3160 e.
2066 3097 2103 3160 de
2130 3103 2234 3161 mente

355 3208 417 3270 sive
448 3206 566 3288 spiritu.
626 3205 800 3286 Flagitatur
830 3205 926 3285 igitur
955 3205 993 3268 ad
1023 3200 1162 3291 πεφυκός
1197 3206 1435 3282 substantivum,
1466 3226 1526 3288 quo
1557 3224 1647 3268 mens
1670 3204 1867 3286 significetur,
1901 3205 1983 3286 quod
2015 3205 2161 3270 excidisse
2198 3227 2233 3271 eo

354 3317 514 3380 molestius
536 3317 591 3388 est,
614 3315 685 3396 quia
707 3333 821 3396 magna
841 3315 889 3378 est
910 3315 1251 3394 varietaslccutionum,
1274 3317 1385 3398 quibus
1401 3316 1494 3405 Stoici
1509 3317 1694 3379 notaverunt
1708 3314 1794 3392 illud,
1819 3315 1901 3396 quod
1918 3329 2043 3401 neonae
2058 3318 2095 3386 ἐν
2115 3313 2232 3384 ἅπασι.

353 3427 460 3490 Fuisse
483 3426 565 3489 enim
587 3427 689 3508 potest
712 3425 787 3488 deus
810 3425 936 3507 spiritus
958 3427 1046 3488 tenor
1068 3427 1175 3489 aether
1197 3427 1277 3507 ignis
1300 3428 1400 3490 rector
1421 3445 1511 3489 mans
1535 3425 1602 3490 alia.
1649 3424 1709 3488 Sed
1732 3426 1823 3506 plura
1844 3425 2030 3502 exciderunt,
2053 3445 2148 3508 quam
2170 3446 2233 3489 una

354 3537 472 3612 vocula,
495 3555 569 3599 nam
591 3535 686 3604 οὐδὲν
708 3528 804 3620 ἧττον
827 3534 908 3616 quod
931 3537 1021 3598 cauto
1048 3535 1254 3618 suspicionem
1275 3555 1338 3599 non
1359 3536 1494 3600 movebit
1516 3535 1633 3599 indicat
1657 3534 1752 3598 deum
1780 3555 1843 3600 non
1873 3536 1975 3600 scium
1997 3536 2115 3600 dictum
2137 3535 2232 3601 luisse

354 3648 454 3709 inesse
486 3647 517 3707 in
546 3646 688 3708 omnibus
718 3645 818 3720 rebus,
846 3645 898 3708 sed
929 3645 1022 3708 aliam
1050 3664 1172 3725 quoque
1201 3647 1272 3709 huic
1300 3645 1471 3729 oppositam
1493 3646 1640 3709 virtutem
1662 3644 1700 3709 de
1724 3665 1758 3709 ac
1782 3649 1873 3712 antea
1894 3647 2105 3729 praedicatam
2126 3646 2232 3712 fuisse.

354 3754 449 3825 οὐδὲν
470 3749 566 3843 ἧττον
587 3757 670 3818 enim
701 3757 848 3831 ,‚tamen“
878 3755 1031 3836 significat
1060 3753 1109 3838 (ol.
1133 3775 1173 3820 or.
1197 3756 1310 3836 30,17).
1345 3756 1440 3819 Porro
1462 3756 1549 3820 deest
1570 3756 1729 3831 transitus,
1753 3757 1804 3836 qui
1827 3757 1892 3820 fieri
1914 3757 2007 3821 debet
2029 3775 2047 3820 a
2069 3757 2232 3839 partitione

353 3867 487 3930 universi
516 3864 555 3927 ad
579 3864 778 3929 describenda
801 3865 850 3929 dei
873 3865 980 3929 officia.
1025 3866 1083 3928 Dei
1101 3869 1206 3929 autem
1228 3884 1265 3928 ea
1287 3869 1334 3928 est
1355 3866 1530 3948 principalis
1553 3866 1641 3944 actio,
1672 3885 1734 3947 qua
1763 3867 1898 3931 discreta
1925 3868 1957 3930 in
1979 3867 2080 3932 varias
2102 3871 2231 3931 naturas

353 3977 516 4051 contineat,
540 3974 783 4056 continendcque
799 3975 984 4039 moderetur.
1027 3975 1169 4056 Denique
1191 3995 1263 4038 cum
1284 3977 1320 4043 τὸ
1344 3976 1415 4044 πᾶν
1438 3977 1610 4040 subiectum
1632 3976 1681 4052 sit,
1704 3997 1765 4042 non
1787 3978 1891 4060 potest
1913 3977 2051 4042 eiusdem
2079 3979 2231 4042 enuntiati

354 4087 528 4150 subiectum
551 4104 617 4148 esse
640 4085 670 4147 id
693 4085 933 4160 substantivum,
956 4105 1088 4166 quocum
1110 4086 1308 4150 coniunctum
1332 4089 1379 4150 est
1401 4087 1553 4172 πεφυκός.
1591 4087 1708 4150 Deesse
1724 4086 1819 4168 igitur
1837 4086 1959 4150 videtur
1973 4087 2096 4151 initium
2110 4088 2230 4152 relativi

354 4195 516 4273 enuntiati,
549 4196 635 4258 cuius
657 4195 728 4257 finis
752 4195 843 4258 verba
865 4197 939 4257 suut
960 4194 1055 4263 οὐδὲν
1077 4233 1119 4241 —-
1141 4196 1272 4277 τούτοις.
1310 4194 1429 4274 Quibus
1444 4195 1586 4260 omnibus
1601 4196 1759 4280 perpensis
1773 4198 1924 4280 temptavi
1940 4199 2049 4286 πυρός,
2068 4197 2228 4278 <iverat

353 4309 387 4374 di
427 4297 639 4392 συνεχάμενὸν
666 4333 701 4372 το
726 4312 774 4395 τῷ
804 4305 965 4389 πνεύματι
994 4303 1046 4386 (δι’
1078 4305 1097 4371 ὃ
1128 4299 1241 4374 πάντα
1273 4311 1312 4406 ζῇ
1344 4315 1437 4375 θεῖον
1458 4315 1519 4390 μὲν
1548 4306 1586 4376 ὃν
1618 4319 1674 4374 καὶ
1708 4304 1825 4384 οιἸὸιονΊ
1858 4307 1972 4382 ἄλλ’)
2009 4308 2104 4378 οὐδὲν
2135 4300 2230 4398 ἧττον

353 4419 492 4503 πεφυκός
521 4419 558 4484 ἒν
586 4415 693 4483 dauci
716 4408 854 4497 τούτοις)
876 4428 930 4482 καὶ
953 4422 1015 4506 μιᾷ
1039 4422 1130 4514 ψυχῇ
1152 4427 1206 4483 καῖ
1226 4416 1362 4502 δυνάμει
1389 4417 1591 4503 διεπόμενον.
1617 4417 1636 4480 i.
1664 4436 1690 4482 e.
1717 4419 1766 4500 (eo
1799 4421 1937 4500 tempore
1965 4437 2025 4499 quo
2049 4419 2229 4483 universum

353 4527 551 4610 dispertitum
575 4526 702 4606 quidem
725 4527 772 4588 est
793 4526 826 4588 in
840 4525 957 4588 multas
969 4524 1094 4608 formas)
1117 4527 1170 4589 sed
1194 4527 1287 4590 etiam
1303 4527 1342 4590 ad
1356 4527 1449 4590 nnius
1469 4527 1607 4590 numinis
1629 4528 1781 4592 unitatem
1801 4527 1962 4593 redactum
1982 4529 2094 4611 quippe
2121 4529 2229 4613 spiritu

351 4638 526 4714 coercitum,
548 4655 602 4720 per
624 4655 718 4717 quem
741 4637 845 4700 omnia
867 4636 969 4718 vigent
991 4637 1049 4700 etsi
1069 4635 1206 4699 divinum
1229 4639 1260 4700 at
1282 4639 1450 4713 aeternum,
1473 4639 1579 4701 tamen
1602 4639 1743 4702 omnibus
1766 4639 1815 4703 his
1836 4640 1928 4703 rebus
1949 4641 2062 4703 natura
2083 4639 2227 4721 insitum)

351 4755 381 4812 et
403 4769 466 4812 una
488 4750 517 4812 vi
540 4753 632 4830 atque
656 4747 760 4810 anima
783 4748 1043 4811 administratum.

504 4920 523 4984 ¹)
540 4919 570 4972 cl.
589 4915 788 4970 Observationes
807 4917 833 4969 in
851 4915 959 4968 Dionem
976 4931 1000 4984 p.
1019 4914 1059 4967 48.

503 5003 524 5064 ²]
544 5003 574 5054 ci.
593 5000 675 5055 Zaller
692 5001 708 5055 l.
727 5017 748 5056 c.
766 5021 789 5072 p.
811 4999 860 5054 138
877 5000 936 5053 adn.
955 5005 977 5053 2.

500 5087 522 5152 ³)
540 5087 570 5140 ci.
589 5088 656 5140 Acta
673 5085 758 5140 societ.
778 5085 889 5140 Graecae
908 5085 992 5146 1353.

2370 1048 2373 1126 l
