4844 6104
1085 531 1104 593 9

306 732 374 796 Iam
403 749 474 797 vero
500 733 533 795 in
562 733 685 814 egregia
714 733 865 798 helleri
887 733 924 798 de
949 733 1121 799 Stoicorum
1144 735 1282 799 doctrina
1304 734 1510 817 disputatione
1533 735 1627 798 etiam
1649 736 1686 800 de
1714 738 1912 802 terrestribus
1935 739 2032 803 ruinis

155 846 297 907 accurate
313 843 483 926 exponitur,
507 843 561 907 sed
576 845 859 908 commemorantur
873 844 1089 908 tantummodo
1104 844 1220 908 diluvia
1232 847 1267 922 ¹).
1290 845 1337 908 Da
1351 845 1438 910 cuius
1453 845 1510 908 viri
1521 845 1650 924 silentio,
1674 847 1724 909 cui
1746 851 1900 928 quantum
1923 849 2033 912 debeat

154 953 249 1016 etiam
270 954 328 1017 hoc
354 953 392 1017 de
414 953 514 1018 Dione
536 955 720 1036 opusculum
742 955 830 1034 grato
853 955 958 1018 animo
980 954 1133 1036 profiteor,
1156 956 1213 1018 hoc
1234 957 1317 1018 certe
1333 955 1472 1019 concludi
1493 957 1597 1037 potest
1617 975 1680 1020 non
1702 957 1798 1021 videri
1821 957 1965 1022 aStoicis
1986 959 2034 1022 in·

154 1063 262 1126 cendia
283 1064 443 1127 terrestria
463 1066 588 1146 praeter
609 1063 816 1128 universalem
839 1065 1116 1129 concremationem
1148 1065 1255 1129 doceri.
1310 1065 1437 1128 Accedit
1464 1065 1546 1147 quod
1576 1065 1799 1149 Hagenus2)
1831 1087 1903 1131 cum
1925 1068 2031 1133 Dionis

154 1177 174 1252 g
195 1175 236 1236 48
252 1176 323 1256 apte
344 1175 533 1257 comparavit
551 1168 722 1250 Platonem,
739 1175 792 1255 qui
810 1174 842 1237 in
863 1175 988 1238 Timaeo
1003 1176 1066 1238 22α
1084 1194 1151 1256 sqq.
1167 1174 1266 1239 Dione
1281 1175 1460 1257 explicatius
1474 1179 1655 1240 narraverat
1671 1180 1704 1240 et
1718 1177 1834 1241 diluvia
1847 1181 1879 1242 et
1892 1178 2032 1243 incendia

154 1284 379 1348 alternantibus
407 1284 597 1366 temporibus
631 1302 648 1347 a
677 1283 723 1347 dis
750 1284 871 1348 institui
892 1287 929 1348 ut
956 1286 1142 1366 purgaretur
1168 1287 1260 1348 terra.
1305 1284 1393 1348 Idem
1419 1285 1482 1348 iam
1504 1285 1542 1348 ad
1558 1285 1787 1351 Phaethontem
1801 1293 2028 1370 provocaverat.

152 1395 272 1458 Tamen
294 1394 470 1475 negaverim
488 1393 629 1470 Dionem,
663 1412 758 1474 quem
779 1393 919 1458 videmus
941 1395 1040 1458 totam
1062 1393 1199 1457 fabulam
1222 1393 1331 1458 Stoicis
1353 1395 1480 1476 debere,
1511 1396 1592 1460 hane
1614 1415 1711 1460 unam
1733 1398 1770 1462 de
1792 1398 1942 1462 incendiis
1964 1398 2031 1462 doc

153 1504 268 1568 trinam
291 1503 329 1567 de
350 1523 406 1567 suo
429 1503 582 1568 addidisse
604 1521 640 1568 ex
661 1502 800 1568 Platone.
845 1502 908 1568 Sed
918 1502 1049 1568 Platone
1071 1505 1239 1568 utebantur
1251 1504 1354 1582 Stoici,
1385 1502 1495 1570 Stoicis
1516 1505 1585 1570 Dio.
1629 1507 1713 1570 Nam
1739 1507 1834 1571 etiam
1859 1508 1974 1572 diluvia
2002 1509 2031 1572 in

154 1615 282 1678 Platone
298 1615 455 1695 leguntur,
479 1631 557 1694 quae
579 1631 671 1678 nemo
694 1613 861 1678 contendet
882 1613 1004 1677 aliunde
1019 1613 1050 1677 in
1067 1614 1347 1696 Borystheniticam
1362 1615 1531 1680 orationem
1553 1617 1713 1697 migrasse,
1737 1636 1831 1697 quam
1853 1637 1890 1681 er
1913 1617 2032 1683 Stoicis.

154 1725 195 1787 Et
225 1723 534 1788 animadvertendum
563 1726 610 1788 est
637 1723 827 1788 adverbum
849 1721 913 1787 lere
935 1741 1103 1804 congruere
1126 1743 1198 1788 eum
1220 1724 1344 1788 Timaeo
1360 1724 1638 1792 Pseudo-Philonei
1659 1727 1697 1791 de
1721 1729 1901 1792 aeternitate
1922 1729 2033 1793 mundi

153 1834 248 1898 libelli
270 1833 373 1912 linem,
397 1834 449 1897 ubi
473 1833 562 1898 hodie
585 1836 725 1898 constare
745 1833 868 1897 videtur
888 1835 1021 1916 pugnari
1042 1835 1407 1918 contra'l'heophrastum
1430 1837 1524 1900 armis
1548 1836 1658 1902 Stoicis
1671 1839 1706 1920 ³).

305 1944 459 2008 Mundum
480 1963 542 2008 non
565 1962 687 2026 semper
708 1943 809 2007 isdem
830 1943 945 2007 viribus
966 1943 1154 2008 instructum
1176 1945 1287 2026 vigere,
1310 1946 1421 2026 quibus
1443 1946 1590 2011 domarat
1611 1947 1703 2012 modo
1717 1953 1821 2024 natus,
1838 1949 2033 2014 consentiens

153 2059 201 2118 est
223 2055 322 2136 opinio
344 2056 375 2118 et
391 2053 565 2117 Stoicorum
587 2057 619 2117 et
639 2053 872 2136 Epicureorum.
915 2054 1085 2116 'laetantur
1106 2053 1163 2117 hoe
1184 2053 1330 2136 Diogenis
1352 2055 1496 2129 Laertii⁴l
1528 2059 1621 2120 verba
1649 2069 1705 2125 καὶ
1729 2063 1810 2125 εἴτι
1831 2059 2035 2128 ἐπιδεκτικόν

152 2167 219 2232 ἔστι
241 2165 297 2250 τῆς
319 2166 375 2232 ἐπὶ
396 2165 432 2230 νδ
455 2182 562 2256 χεῖρον
576 2165 766 2252 μεταβολῆς,
790 2155 942 2249 φθαρτόν
964 2165 1043 2230 ἐστι·
1066 2175 1121 2231 καὶ
1142 2161 1287 2248 inlapsa
1304 2163 1379 2253 ἄρα’
1395 2167 1618 2252 ἐξαυχμοῦται
1641 2167 1705 2256 γαρ
1726 2179 1781 2235 καὶ
1803 2169 2032 2246 ἐξυδατοῦται.

153 2273 238 2352 Quae
261 2292 368 2338 caveas
391 2273 427 2338 de
450 2275 571 2338 diluviis
593 2273 803 2354 incendiisque
824 2273 906 2336 dicta
928 2291 995 2336 esse
1018 2273 1132 2348 credas,
1163 2291 1198 2336 er
1220 2275 1331 2354 quibus
1353 2276 1484 2357 proolive
1507 2276 1632 2358 quidem
1655 2280 1722 2340 erat
1743 2295 1871 2340 causam
1885 2279 2033 2359 repetere,

152 2387 207 2446 our
228 2383 364 2447 mundus
386 2384 610 2466 pedetemptim
640 2384 672 2445 in
704 2383 809 2465 peiora
842 2383 940 2446 abeat.
996 2382 1058 2448 Sed
1090 2402 1152 2447 non
1181 2383 1324 2446 videntur
1357 2383 1450 2447 Stoici
1483 2386 1563 2449 hano
1603 2386 1829 2450 conclusionem
1863 2386 2032 2452 admisisse.

153 2493 299 2575 Diogenis
321 2495 415 2559 verba
436 2494 494 2558 hoo
516 2497 639 2558 tantum
662 2493 773 2558 docent
794 2494 960 2574 longinquo
975 2494 1056 2574 ignis
1079 2511 1237 2574 aquaeque
1253 2493 1387 2557 dominio
1401 2495 1563 2576 paullatim
1585 2496 1740 2560 mundum
1765 2495 1933 2578 depravari.
1979 2501 2034 2561 At-

154 2624 213 2686 que
236 2624 274 2668 ne
292 2605 384 2666 huius
400 2604 524 2684 quidem
540 2604 695 2668 doctrinae
717 2607 836 2666 tectum
873 2602 998 2684 quidem
1035 2603 1088 2666 sed
1111 2605 1231 2666 certum
1260 2603 1348 2666 deest
1369 2603 1450 2686 apud
1472 2604 1603 2668 Dionem
1625 2607 1800 2687 vestigium.
1846 2605 1928 2670 Dicit
1951 2609 2033 2671 enim

154 2717 186 2776 in
217 2713 327 2778 mundi
349 2713 551 2796 descriptione
574 2717 644 2795 post
665 2713 937 2794 conflagrationem
959 2714 1072 2776 iterum
1094 2713 1243 2777 condendi
1259 2711 1338 2798 (58):

356 2813 572 2912 ἐργασάμενος
588 2827 625 2892 δὲ
639 2835 695 2892 καὶ
709 2823 867 2902 τελεώσας
883 2823 1056 2901 αἰτίδειξεν
1068 2825 1105 2902 ἐξ
1119 2821 1219 2913 α’ρχῆς
1235 2824 1292 2891 τὸν
1305 2821 1385 2891 ὄντα
1400 2817 1523 2908 κόσμον
1538 2823 1648 2913 εὐειδῆ
1662 2836 1717 2891 καὶ
1732 2824 1833 2895 καλὸν
1845 2823 2031 2915 οἷμηχώνως,

356 2934 441 3002 πολι)
465 2931 503 3022 eq*
526 2927 796 3024 λαμπρότερονῆ
823 2934 888 3012 οἶος
915 2933 1037 3019 ὁρᾶται
1067 2939 1136 3001 νῦν·
1166 2925 1278 3000 πάντα
1307 2933 1371 3022 γάρ
1401 2960 1466 3002 που
1488 2945 1544 3001 καὶ
1566 2927 1672 3002 τᾶλλα
1696 2935 1774 3023 ἔργα
1796 2943 1863 3004 τών
1885 2939 2031 3026 δημιουρ·

153 3115 269 3188 τιιιιλώσγι
286 3115 335 3170 τόν
353 3115 437 3172 αὐτόν
455 3123 550 3170 τοῦτον
566 3112 613 3169 ὅτε
633 3111 766 3187 ὁμόζυγα,
790 3121 916 3185 πειρᾶται
934 3114 971 3181 dq'
991 3121 1037 3182 τῆς
1059 3117 1185 3172 ἐναντίας
1205 3121 1236 3187 τῇ
1254 3113 1387 3188 πρότερον
1410 3121 1516 3188 φθορᾷ,
1539 3111 1621 3170 ὕδατι
1645 3120 1732 3189 πολλῷ
1752 3118 1961 3192 χειμαζόμενος,
1987 3127 2032 3175 καὶ

151 3204 273 3254 τοιοῦτον
292 3201 342 3255 ἕνα
358 3207 485 3273 χειμώνιι
502 3203 663 3271 διηγεῖσθαι
681 3197 743 3259 τούς
756 3193 887 3263 Ἕλληνας
905 3196 956 3252 ὅσι’
976 3197 1101 3263 νεότητός
1119 3217 1146 3252 τε
1164 3202 1208 3251 καλ
1224 3197 1338 3271 μνήμης
1353 3195 1495 3261 οἷσθενοῡς,
1515 3204 1560 3253 καὶ
1585 3204 1755 3256 Δευκαλίωνα
1776 3203 1955 3271 βασιλεύοντα
1972 3206 2031 3260 τότε

152 3295 245 3355 σφίσιν
262 3287 373 3358 α’ριιίσαι
392 3283 443 3358 πρὸ
462 3291 508 3350 τῆς
524 3286 669 3344 παντελοῦς
685 3288 804 3355 φθορᾶς.
824 3288 906 3336 ταῦτα
924 3286 958 3338 dl
977 3292 1095 3343 σπανίως
1113 3289 1299 3353 συμβαίνοντα
1317 3286 1413 3337 δοκεῖν
1429 3286 1484 3356 μλν
1501 3283 1662 3358 α’νθρώποις
1674 3281 1723 3338 διώ
1741 3283 1791 3340 τόν
1805 3282 1896 3341 αώτών
1914 3283 2033 3363 ὄλεθρον

152 3379 301 3440 γίγνεσθαι
317 3368 355 3440 prul
374 3367 442 3423 κατώ
460 3366 545 3438 λόγον
561 3370 635 3439 μηδὲ
653 3373 784 3439 μετέχειν
804 3375 847 3434 τῆς
867 3375 910 3422 τοῦ
929 3366 1031 3429 παντός
1042 3363 1148 3430 τάξεως,
1167 3367 1322 3421 λανθάνειν
1341 3371 1374 3421 dd
1386 3365 1483 3430 αι’τοιλς
1501 3369 1594 3439 ὀρθῶς
1605 3369 1760 3442 γιγνόμενα
1774 3373 1820 3424 καλ
1837 3371 1905 3425 narrt*
1917 3371 2035 3445 γνώμην

152 3461 198 3510 τοῦ
216 3450 347 3516 σώζοντος
364 3458 410 3507 καλ
426 3455 611 3525 κυβερνῶντος
628 3451 659 3506 τό
677 3459 740 3508 aar.

305 3543 326 3608 ¹)
345 3541 376 3594 ei.
394 3539 475 3592 Zeller
492 3539 533 3592 die
550 3537 714 3609 Philosophia
732 3539 777 3593 der
796 3539 922 3594 Grieehen
940 3540 987 3604 ΙΙΙ,
1008 3542 1042 3592 1³
1061 3540 1110 3594 156
1131 3539 1189 3593 adn.
1208 3539 1231 3592 3.

304 3623 554 3693 Dmlcpffi

303 3713 323 3777 ³)
339 3709 505 3764 Dissentiunt
516 3708 683 3763 Heracliti
694 3709 799 3763 Homer.
811 3709 886 3776 alleg.
896 3726 917 3763 e.
929 3709 969 3768 24.
979 3709 1023 3762 ubi
1036 3708 1179 3762 universale
1191 3709 1298 3762 exitium
1309 3713 1336 3762 et
1347 3725 1363 3762 a
1375 3709 1470 3763 diluvio
1482 3713 1509 3762 et
1523 3727 1539 3762 a
1551 3709 1749 3776 conflagratione
1760 3711 1891 3779 repetitur.
1913 3711 2033 3766 Seneca

151 3797 183 3848 orl
202 3796 280 3848 Maro.
304 3794 365 3856 aaa
387 3795 419 3848 ds
434 3795 524 3848 mundi
548 3793 754 3862 conflagratione,
768 3794 830 3848 Nat
844 3797 943 3864 quaest
967 3793 1055 3859 uqa?
1070 3793 1102 3846 de
1116 3793 1305 3848 terrasdiluvio
1320 3793 1445 3864 disputat,
1463 3797 1548 3848 tacere
1570 3793 1672 3848 videtur
1691 3794 1808 3848 incendia
1820 3795 1964 3862 terrestria,
1983 3799 2032 3850 nisi

151 3879 199 3944 ΙΙΙ,
227 3878 268 3946 28,
286 3881 302 3932 3
323 3879 508 3946 dubitabimus,
536 3879 567 3932 de
590 3895 700 3950 quonam
722 3879 832 3934 incendii
851 3895 942 3947 genere
960 3881 1064 3945 agatur:
1097 3893 1177 3947 ,aqua
1199 3881 1227 3932 st
1248 3878 1316 3946 ignis
1338 3880 1483 3932 terrenis
1501 3879 1673 3932 dominantur.
1704 3896 1734 3932 ex
1751 3879 1793 3932 his
1810 3882 1882 3932 ortus
1899 3884 1928 3932 st
1944 3897 1974 3932 er
1992 3881 2033 3934 his

155 3965 277 4018 interitus
295 3967 343 4020 est.
361 3981 423 4033 ergo
441 3964 595 4036 quandoque
611 3965 730 4034 placuere
747 3981 788 4017 res
805 3981 884 4018 novae
901 3963 996 4016 mundo
1014 3963 1052 4015 sic
1069 3964 1099 4016 in
1117 3980 1174 4016 noa
1192 3979 1261 4016 mare
1283 3964 1412 4016 emittitur
1429 3964 1551 4034 desuper,
1578 3967 1609 4016 ut
1630 3965 1713 4018 fervor
1735 3964 1860 4034 ignisque,
1888 3981 1945 4017 cum
1962 3965 2033 4018 eliud

157 4065 238 4114 genus
255 4049 327 4102 exitii
345 4049 468 4120 placuit“.
502 4047 593 4102 Eidem
611 4049 727 4102 hominos
744 4065 832 4102 omnes
855 4048 974 4102 videntur
990 4047 1094 4102 diluviis
1109 4049 1199 4118 perire.
1233 4047 1288 4101 Nec
1309 4048 1403 4101 mirum
1427 4051 1468 4102 est
1489 4047 1552 4102 alios
1576 4048 1652 4101 aliter
1669 4047 1702 4101 de
1725 4047 1767 4101 his
1796 4049 1873 4101 rebus
1896 4050 2034 4120 cogitasse,

151 4135 248 4188 Tamen
265 4149 322 4186 eam
347 4135 528 4200 narrationem,
551 4150 616 4204 quae
638 4134 667 4186 in
689 4133 794 4187 Timaeo
811 4136 910 4198 exstat,
936 4132 1058 4202 primitus
1076 4149 1092 4185 a
1109 4131 1201 4186 Stoicis
1218 4137 1348 4203 receptam
1365 4133 1458 4195 baisse,
1475 4149 1522 4202 per
1538 4149 1567 4186 se
1583 4131 1719 4186 verisimile
1736 4135 1783 4186 est.
1820 4131 1888 4186 Nam
1906 4150 1937 4186 ne
1959 4150 2033 4189 omne

150 4236 231 4288 genus
258 4219 399 4272 humanum
428 4220 469 4272 his
491 4219 690 4289 particularibus
711 4219 794 4272 ruinis
816 4219 945 4272 deleretur
970 4215 1063 4270 Stoicis
1090 4233 1190 4286 quoque
1217 4216 1359 4270 curandum
1385 4219 1449 4282 erat,
1476 4217 1602 4286 siquidem
1628 4217 1654 4269 in
1681 4217 1755 4270 initio
1779 4219 1884 4271 tantum
1910 4221 2033 4289 cuiusque

150 4305 240 4358 mundi
266 4303 363 4374 periodi
384 4321 415 4357 ea
436 4305 474 4356 vis
499 4307 543 4357 est
567 4305 659 4369 terras,
686 4320 715 4356 er
741 4320 793 4372 qua
815 4307 907 4374 sponte
923 4305 1041 4356 creentur
1063 4301 1179 4355 homines
1204 4303 1315 4372 limoque
1337 4303 1412 4372 quasi
1434 4303 1525 4356 matris
1550 4304 1626 4355 ubere
1645 4303 1749 4356 alantur
1770 4303 1815 4367 (cl.
1834 4303 1866 4356 de
1883 4303 1933 4356 hae
1949 4304 2033 4373 prima

150 4389 314 4458 generatione
331 4387 437 4442 Dionem
455 4389 481 4441 in
500 4404 534 4441 or.
552 4385 613 4450 Xll,
634 4387 683 4453 30).
712 4387 804 4456 ltaque
821 4387 930 4458 relinqui
948 4388 1079 4441 debebant
1096 4387 1193 4440 semina
1210 4387 1335 4457 quaedam
1352 4388 1498 4440 futurorum
1515 4387 1655 4454 hominum,
1673 4405 1703 4441 ex
1721 4389 1814 4458 quibus
1833 4388 1916 4442 denuo
1934 4389 2034 4442 confor-

150 4478 235 4528 metur
259 4473 368 4528 societas
389 4472 509 4526 humana.
546 4472 683 4542 Asqnabili
705 4473 786 4540 igitur
808 4475 907 4526 rationo
929 4472 1104 4542 dispertienda
1127 4476 1185 4526 erat
1206 4473 1271 4526 haec
1291 4471 1366 4525 mina
1384 4472 1451 4525 inter
1476 4470 1526 4525 duo
1543 4471 1676 4538 elementa,
1694 4475 1725 4526 ut
1740 4473 1839 4526 furente
1858 4473 1912 4541 igni
1930 4474 2033 4542 aquosis

150 4560 257 4614 latebris
275 4559 398 4628 reliquiae
415 4558 474 4611 illae
491 4558 598 4612 humani
616 4557 720 4611 seminis
738 4575 766 4610 se
783 4557 877 4612 abdam
886 4557 995 4628 possint.
1013 4559 1189 4611 crescentibus
1212 4556 1288 4610 undis
1309 4556 1434 4610 montium
1459 4559 1592 4610 serventur
1616 4559 1754 4611 cacumine.
1790 4555 1875 4621 Quare
1893 4558 2032 4612 secundum

150 4646 283 4700 Platonem
296 4643 364 4714 apud
379 4644 422 4700 Ps.
435 4643 567 4697 Philonem
580 4644 702 4712 legimus:
724 4639 788 4715 πρὸς
799 4643 831 4694 di
839 4647 1009 4713 μαχομένων
1020 4641 1170 4712 δυνάμεων
1188 4643 1220 4695 ἓν
1237 4646 1314 4714 μέρει
1332 4637 1392 4698 τούς
1407 4642 1438 4693 ἐν
1455 4641 1588 4701 ἐναντίοις
1603 4641 1744 4701 οἰκοῦντας
1756 4639 1847 4700 τόποις
1861 4637 2034 4696 αἰιιὶλλισθαι

152 4731 214 4799 napi
230 4729 284 4799 μὲν
302 4723 364 4788 rods
381 4727 412 4780 ἐν
430 4729 505 4798 ὄρεσι
522 4730 567 4780 καὶ
584 4725 733 4798 γεωλόφοις
749 4729 797 4779 arti
822 4719 971 4798 δυσώδροις
992 4735 1104 4797 χωρίοις
1120 4719 1163 4780 ἆτ’
1182 4725 1230 4780 ουίι
1248 4729 1360 4796 ἔχοντας
1380 4723 1463 4797 πυρᾷς
1480 4719 1651 4797 α’μυντιίριον
1668 4726 1798 4795 ἄφθονον
1815 4719 1900 4798 ὕδωρ,
1914 4728 2033 4798 ε’μιιαλιν

151 4815 183 4868 di
206 4806 289 4866 ὅσιαι
313 4809 374 4872 rode
397 4810 470 4885 παρά
493 4817 626 4884 ποταμοῖς
649 4811 668 4877 ἤ
689 4814 798 4884 λίμναις
820 4811 836 4876 ἢ
861 4809 986 4884 θαλάττῃ.
1022 4811 1107 4866 Causa
1129 4815 1216 4865 autam
1237 4813 1315 4865 huius
1337 4811 1502 4881 particularis
1525 4810 1595 4864 exitii
1616 4814 1644 4864 et
1661 4828 1692 4864 ex
1708 4811 1822 4866 moribus
1839 4815 1942 4882 poterat
1957 4815 1986 4864 at
2002 4829 2032 4866 ex

151 4899 249 4953 ratione
266 4898 373 4968 physica
398 4899 488 4968 repeti.
524 4897 650 4966 Physicus
672 4914 728 4951 esse
752 4896 864 4962 videtur,
891 4913 966 4966 quem
984 4895 1025 4950 Pa.
1044 4895 1119 4950 Philo
1142 4899 1265 4965 sequitur.
1301 4896 1410 4950 aneae
1433 4912 1464 4948 ex
1485 4911 1584 4949 morum
1607 4896 1787 4966 depravatione
1810 4896 1937 4950 diluvium
1956 4899 2031 4950 nasci

151 4984 258 5050 videtur,
277 4983 389 5046 ,scilicet
406 4987 437 5036 ut
453 4999 527 5037 omne
544 5000 575 5036 er
588 4983 688 5049 integro
700 4983 797 5037 animal
814 4985 951 5050 generetur
969 4981 1095 5050 detruqus
1112 4982 1189 5034 terris
1205 4981 1281 5035 homo
1298 4982 1394 5034 inscius
1418 4981 1541 5034 scelerum
1565 4983 1592 5035 et
1613 4982 1760 5036 melioribus
1780 4981 1903 5050 auspiciis
1925 4985 2030 5037 nabad.

150 5069 189 5122 De
207 5069 312 5122 oonsilio
329 5068 401 5122 exitii
419 5071 490 5122 tacet
506 5068 563 5122 Dio.

301 5157 323 5216 ἰ
341 5155 370 5208 cl.
390 5153 447 5221 vn,
468 5155 514 5206 141
534 5171 559 5224 p.
580 5153 636 5220 189,
654 5153 688 5206 38
706 5151 793 5208 Cobet

1826 5251 1842 5304 2
