4844 6104
1096 497 1112 556 7

165 697 228 790 γάρ
249 691 460 784 μεταβάλλει,
481 701 517 763 ut
538 699 671 780 legimus
695 699 776 782 apud
799 697 968 780 Diogenem
989 699 1159 764 Laertium.
1173 697 1197 782 ¹)
1236 699 1283 762 Es
1299 718 1359 780 quo
1378 699 1438 762 duo
1459 699 1593 781 corrigas
1610 699 1703 764 verba
1725 718 1804 781 quae
1818 720 1880 765 uon
1896 699 2042 783 intellego

165 811 202 878 έν
224 801 385 897 άλληλοις.
431 808 635 874 Scribendum
658 809 798 873 videlicet
819 812 856 888 ές
878 801 1078 897 ἀλλήλους
1099 812 1398 894 μεταβαλλομένων
1420 807 1497 890 (scil.
1521 810 1585 878 τῶν
1607 808 1742 891 ἵππων).

316 919 384 982 Iam
406 937 477 983 vero
499 921 598 984 omnis
620 921 696 984 bueo
719 919 756 984 de
779 921 926 1000 quattuor
948 937 1098 1000 equorum
1121 919 1318 984 dissolutione
1342 921 1435 1000 atque
1458 920 1490 982 iu
1513 939 1612 984 unum
1635 920 1873 986 conformatione
1895 922 2041 1005 expositio

164 1027 364 1114 ὑπερβάλλει
388 1029 514 1112 quidem
537 1036 650 1099 πᾶσαν
670 1028 824 1106 α’τοπίαν,
840 1030 993 1094 consentit
1014 1049 1086 1094 vero
1108 1067 1149 1078 -
1172 1031 1198 1093 si
1220 1030 1307 1110 equis
1329 1029 1402 1092 deos
1425 1029 1621 1094 substitueris
1645 1066 1685 1076 —
1708 1049 1779 1094 oum
1809 1030 1928 1096 Stoicis.
1982 1033 2041 1097 Dio

164 1139 245 1202 enim
268 1139 295 1204 si
315 1143 423 1204 narrat
443 1140 477 1224 (ξ
500 1139 567 1224 52);

367 1253 456 1318 εἷναί
473 1279 509 1333 γε
530 1251 595 1336 μην
617 1246 652 1316 τό
674 1254 799 1316 τοιοῦτο
821 1247 864 1334 μη
886 1249 1044 1338 καθάπερ
1065 1240 1209 1339 α’ψόχων
1232 1248 1435 1332 πλασμάτων
1458 1250 1583 1327 ἔξωθεν
1603 1251 1663 1318 τοῦ
1678 1252 1873 1341 δημιουργοῦ
1888 1279 2040 1342 πραγμα·

367 1373 541 1444 νεμομένου
568 1371 623 1426 καλ
652 1357 871 1444 μεθιστάντος
896 1359 956 1444 τήν
984 1354 1073 1446 ῧλην,
1103 1359 1211 1428 αὐτῶν
1240 1362 1275 1426 δὲ
1296 1359 1436 1439 Ιέκείνων
1463 1367 1633 1442 γίγνεσθαι
1663 1361 1699 1428 τδ
1724 1362 1843 1442 πάθος,
1870 1360 1977 1452 ὥσπερ
2003 1365 2041 1433 ἒν

367 1470 623 1559 άγοῖνιμεγάλῳ
646 1497 681 1535 τε
704 1481 759 1536 καὶ
775 1467 920 1558 άληθινῴ
942 1479 1017 1557 περὶ
1038 1482 1123 1552 νίκης
1145 1469 1327 1557 ἐριζόντων·
1349 1477 1520 1550 γίγνεσθαι
1543 1472 1576 1539 δὲ
1598 1469 1659 1556 τήν
1682 1486 1773 1559 νίκην
1802 1482 1858 1539 καὶ
1887 1470 1944 1541 τόν
1972 1487 2039 1542 στέ·

366 1607 470 1664 φονον
491 1581 528 1658 ἐξ
549 1578 693 1664 άνάγκης
713 1585 771 1648 τοῦ
793 1577 921 1670 πράτου
943 1591 998 1646 καὶ
1019 1593 1193 1664 κρατίστου
1215 1573 1309 1664 τάχει
1331 1606 1367 1648 τε
1388 1592 1443 1647 καλ
1465 1579 1550 1678 άλκῇ
1571 1593 1627 1647 καὶ
1642 1587 1680 1683 τῇ
1695 1581 1849 1680 ξυμπάσῃ
1869 1561 1974 1680 άρετῇ,
1999 1582 2037 1652 δν

365 1695 500 1773 εἴπομεν
522 1689 558 1756 ἓν
581 1688 664 1788 οἷρχῇ
685 1695 749 1756 τῶν
770 1686 872 1770 λόγων
894 1691 1060 1776 ἐξαίρετον
1081 1689 1168 1756 εἶναι
1190 1690 1298 1770 ιίιάς.

163 1799 230 1862 vide
270 1799 375 1862 Iovem
414 1800 547 1880 reliquos
587 1799 659 1864 deos
704 1799 913 1874 devorantem,
957 1799 994 1862 de
1036 1818 1098 1882 qua
1136 1818 1169 1863 re
1208 1801 1394 1866 Plutarchus
1407 1801 1433 1884 ²)
1473 1799 1590 1864 Stoicos
1630 1800 1801 1864 cavillatur:
1836 1806 1922 1884 λέγει
1960 1809 2039 1885 γοῦν

163 1909 360 1999 Χρύσιππος
383 1957 389 1970 .
414 1956 421 1970 ·
447 1960 454 1972 .
477 1908 559 1978 όταν
587 1903 645 1979 οὖν
673 1910 851 1997 ἐκπύρωσις
879 1921 1023 1997 γένηται,
1050 1908 1153 1995 μόνον
1179 1911 1353 1998 ἄφθαρτον
1374 1907 1454 1980 ὄντα
1477 1910 1534 1977 τόν
1556 1921 1618 1978 Δία
1640 1911 1704 1978 τῶν
1731 1917 1832 1994 θεῶν,
1856 1912 2038 2002 άναχωρεῑν

161 2021 217 2087 έπῐ
240 2021 299 2107 τήν
322 2017 489 2109 πρόνοιαν.
519 2019 620 2084 Simul
635 2023 740 2084 autem
761 2020 808 2084 his
829 2020 931 2084 verbis
951 2019 1068 2084 indicat
1081 2020 1268 2084 Plutarchus
1291 2020 1442 2102 quomodo
1458 2019 1564 2084 offensi
1585 2021 1642 2102 ipsi
1659 2019 1752 2085 Stoici
1771 2022 1829 2086 hac
1849 2023 2037 2088 absurditate

162 2129 209 2194 dei
232 2129 304 2194 deos
326 2130 533 2194 comburentis
555 2131 732 2194 studuerint
753 2149 822 2193 eam
844 2131 960 2212 lugere.
990 2153 994 2160 ·
1018 2131 1120 2212 Atque
1143 2131 1251 2195 eadem
1273 2130 1310 2194 de
1332 2149 1426 2195 causa
1449 2130 1506 2194 Dio
1528 2149 1649 2210 quoque
1673 2149 1743 2194 cum
1765 2131 1873 2196 Stoicis
1896 2153 1957 2196 nou
1980 2134 2037 2198 sibi

160 2243 290 2306 constat.
334 2240 443 2304 Verbis
466 2242 557 2318 enim,
581 2259 661 2320 quae
684 2259 778 2322 supra
799 2240 952 2324 exscripsi,
970 2240 1063 2304 deum
1085 2241 1173 2306 nobis
1194 2242 1335 2324 proponit
1357 2241 1429 2304 deos
1444 2239 1695 2321 conflagrantem.
1732 2243 1833 2305 Antea
1848 2241 1881 2325 (ξ
1898 2242 1951 2326 51)
1966 2262 2037 2308 vero

159 2353 304 2433 mythum
327 2352 371 2414 ita
392 2351 564 2414 variaverat
586 2355 622 2412 ut
643 2351 708 2432 ipse
731 2355 849 2414 creator
872 2353 1019 2432 quattuor
1041 2371 1136 2432 equos
1158 2353 1190 2415 iu
1212 2372 1309 2416 unum
1333 2351 1477 2415 solveret:

363 2462 431 2530 οἷον
460 2467 493 2528 εἴ
516 2489 563 2540 τις
594 2463 847 2544 θαυματοποιός
877 2464 912 2528 έκ
949 2467 1045 2552 κηροῦ
1067 2461 1197 2542 πλάσας
1225 2466 1358 2541 ἵππους,
1381 2464 1496 2528 ἔπειτα
1524 2457 1675 2549 άφαιρῶν
1702 2472 1755 2527 καὶ
1790 2458 1951 2550 περιξύων
1979 2459 2036 2546 άφ’

363 2572 511 2650 ἑκάστου,
535 2581 720 2662 προςτιθεῑς
744 2568 860 2638 ἄλλοτε
884 2569 984 2662 άλλη),
1005 2577 1097 2650 τέλος
1118 2575 1154 2640 δὲ
1177 2571 1332 2650 ἅπαντας
1355 2577 1399 2650 εἰς
1420 2575 1480 2638 ἕνα
1503 2576 1567 2636 τῶν
1581 2569 1743 2658 τεττάρων
1762 2563 1942 2652 deciduae,
1957 2587 2039 2657 μίαν

362 2683 491 2770 μορφήν
512 2684 548 2760 έξ
570 2680 701 2769 άπάσης
724 2687 777 2768 τῆς
799 2679 877 2768 δλης
899 2672 1081 2770 ἐργάσαιτο.

312 2791 374 2856 Sed
396 2811 458 2856 non
479 2791 580 2856 solum
602 2791 741 2872 sequitur
764 2791 880 2856 Stoicos
902 2790 971 2869 Dio,
995 2791 1048 2856 sed
1072 2792 1166 2856 etiam
1188 2795 1294 2855 contra
1316 2791 1535 2854 obtrectatores
1559 2789 1696 2853 defendit
1717 2789 1935 2873 Chrysippum.
1980 2792 2038 2857 Cui

160 2903 335 2966 obiecerant
355 2902 504 2966 nimirum
526 2901 692 2966 adversarii
720 2901 792 2966 deos
820 2901 890 2966 illos
920 2901 971 2982 qui
1003 2902 1140 2984 adposito
1169 2902 1232 2982 igni
1262 2904 1296 2964 ut
1318 2919 1388 2964 cera
1410 2899 1598 2968 dilabuntur.
1648 2901 1766 2988 lterum
1795 2900 1999 2966 Plutarchum
2011 2905 2037 2982 ³)

158 2991 315 3096 inspicias}
340 3010 434 3082 αότοῐ
456 3026 538 3096 μέγα
561 3019 697 3091 βοῶντες
720 3013 757 3080 έν
777 3029 843 3089 τοῖς
865 3023 938 3100 περὶ
962 3011 1050 3080 θεῶν
1073 3063 1078 3074 .
1105 3061 1111 3073 .
1135 3011 1323 3097 γράμμασιν
1344 3011 1522 3100 διαρρήδην
1550 3015 1678 3093 λέγουσι
1701 3013 1775 3091 τοδς
1798 3009 1917 3092 ἄλλους
1940 3012 2038 3091 θεοδς

158 3121 314 3204 ἅπαντας
337 3124 424 3192 εἶναι
446 3115 621 3206 γεγονότας
637 3133 692 3189 καὶ
708 3132 975 3211 φθαρησομένους
993 3123 1056 3192 vind
1073 3124 1171 3212 πυρός
1186 3122 1318 3210 τηκτούς
1342 3168 1348 3182 ·
1369 3173 1374 3188 .
1398 3118 1488 3188 ὅσα
1500 3149 1539 3212 ερ
1561 3136 1745 3209 κηρίνους
1768 3120 2038 3213 ἤκαττιτερίνους

157 3229 265 3312 ὄντας.
310 3234 394 3298 Haeo
416 3235 483 3316 ipsa
505 3233 635 3298 crimina
656 3232 715 3296 Dio
737 3235 867 3314 occupat
888 3251 1021 3314 pergens
1043 3233 1075 3315 (ξ
1100 3233 1169 3312 53);
1664 3215 1665 3224 ¹

361 3350 477 3413 τοῦτον
497 3346 560 3434 γάρ
583 3342 644 3412 ὅτε·
667 3342 802 3411 πάντων
829 3341 1058 3428 άλκιμάτατον
1079 3355 1133 3408 καὶ
1157 3340 1250 3426 φάσει
1274 3340 1438 3426 διάπυρον
1465 3343 1548 3428 ταχδ
1572 3338 1792 3409 οἷνοιλιόσαιτα
1815 3341 1888 3419 τοίς
1910 3339 2037 3420 ἄλλους,

361 3446 520 3541 καθάπερ
547 3457 638 3539 οἶμαι
660 3459 713 3544 τῷ
740 3451 830 3520 όντι
853 3468 1059 3542 κηρίνους,
1089 3454 1125 3518 ἓν
1153 3450 1191 3518 οδ
1212 3456 1323 3543 πολλῷ
1350 3479 1413 3520 τινι
1441 3444 1556 3541 χρόνῳ,
1579 3451 1726 3518 δοκοῦντι
1749 3453 1784 3516 δὲ
1811 3450 1887 3534 ἡμῖν
1910 3451 2036 3544 άπείρηι

363 3561 809 3654 πρδςτδνημέτεροναάτῶν
831 3563 988 3649 λογισμόν,
1019 3575 1074 3630 καὶ
1096 3565 1156 3648 την
1178 3561 1293 3630 ου’σίαν
1324 3555 1457 3630 πάντων
1482 3567 1597 3630 πᾶσαν
1619 3568 1661 3638 είς
1690 3559 1792 3628 αὑτὸν
1821 3557 2036 3640 άναλαβόντα

361 3671 448 3744 πολδ
471 3689 601 3766 κρείττω
632 3687 687 3741 καὶ
710 3672 940 3763 λαμπρότερον
967 3673 1113 3760 ὀφθῆναι
1150 3679 1209 3742 τοῦ
1240 3663 1404 3761 πρότερον,
1434 3671 1489 3740 ὑπ’
1521 3669 1648 3750 οὐδενός
1678 3669 1780 3738 ἄλλον
1807 3677 1940 3758 θνητῶν
1963 3668 2038 3740 aridi

362 3785 554 3862 άθανάτων,
578 3783 648 3851 άλλ’
672 3783 775 3853 αάτδν
796 3781 848 3869 ὑφ’
865 3780 976 3856 adeat.
1000 3785 1175 3870 νικηφόρον
1195 3775 1368 3868 γενόμενον
1389 3784 1449 3850 τοῦ
1470 3796 1621 3868 μεγίστου
1644 3780 1779 3864 άγῶνος.

310 3894 429 3973 Quibus
451 3895 550 3958 verbis
572 3895 742 3976 perfectam
764 3893 1036 3974 conflagrationem
1058 3893 1187 3957 describi
1211 3897 1319 3976 sponte
1342 3893 1540 3973 intellegitur.
1578 3891 1761 3973 Triumphat
1776 3891 1859 3954 enim
1883 3892 2039 3955 aetherius

155 4023 257 4084 equus
280 4007 363 4070 solus
385 4005 509 4070 relictus
532 4005 784 4085 reliquorumque
807 4005 886 4068 vires
908 4004 939 4067 in
963 4023 994 4068 se
1017 4004 1203 4086 complexus.
1239 4003 1348 4084 Neque
1370 4005 1433 4066 iam
1448 4003 1523 4066 deus
1539 4005 1646 4078 restat,
1662 4019 1762 4082 neque
1778 4002 1879 4080 homo,
1898 4002 1951 4084 qui
1967 4021 2039 4065 enm

155 4114 270 4180 intueri
286 4116 391 4198 possit.
437 4115 476 4181 Se
491 4116 555 4198 ipse
571 4115 809 4196 contemplatur.
850 4113 942 4176 Nunc
957 4133 1026 4178 vero
1041 4113 1293 4196 interpretatione
1311 4115 1404 4194 egent
1418 4113 1511 4176 verba
1527 4130 1606 4192 quae
1624 4111 1695 4174 huic
1710 4111 1907 4194 descriptioni
1923 4112 2040 4175 addidit

155 4226 290 4310 scriptor
313 4228 388 4290 satis
411 4226 622 4291 memorabilia

363 4335 486 4406 στάντα
510 4340 543 4404 δὲ
567 4333 696 4424 όηιηλδν
718 4346 773 4400 καὶ
797 4339 929 4419 γαῦρον,
956 4345 1098 4424 χαρέντα
1129 4333 1165 4432 τῇ
1195 4346 1276 4426 νίκη,
1307 4333 1411 4402 τόπον
1439 4361 1473 4400 τε
1502 4332 1545 4412 ὦς
1571 4337 1723 4400 πλεῖστον
1751 4336 1955 4410 καταλαβεῖν
1983 4343 2039 4398 καὶ
2100 4367 2102 4372 ·

360 4449 509 4529 μείζονος
531 4446 637 4531 χώρας
660 4445 821 4531 δεηθῆναι
844 4445 915 4510 τότε
938 4441 1005 4511 tud
1029 4438 1136 4532 ῥώμης
1158 4455 1211 4511 καλ
1232 4456 1354 4527 μένους.

311 4557 381 4620 Νοο
404 4557 488 4619 extat
517 4556 599 4619 enim
626 4554 801 4634 diligentiae
832 4552 1045 4617 testimonium
1063 4553 1264 4630 luculentius,
1295 4572 1357 4634 qua
1379 4547 1437 4617 llio
1464 4553 1681 4634 cosmologiam
1710 4553 1882 4617 Stoicorum
1910 4553 2038 4617 reddere

153 4665 321 4744 studuerit,
338 4667 390 4748 qui
404 4685 443 4730 ne
459 4683 477 4728 a
492 4665 699 4730 subtilioribus
715 4665 840 4745 quidem
855 4663 1026 4747 philosophi
1045 4663 1194 4726 sermonis
1209 4663 1445 4746 proprietatibus
1462 4663 1627 4726 abhorruit.
1665 4656 1768 4742 τόπος
1783 4663 1866 4726 enim
1881 4683 1942 4726 non
1956 4663 2038 4726 idern

153 4777 315 4860 astatque
337 4778 437 4867 χώρα.
471 4777 554 4840 Nam
569 4777 619 4840 ille
634 4777 736 4840 locum
751 4776 846 4840 solido
861 4775 1016 4857 expletum
1032 4773 1193 4854 significat,
1215 4774 1292 4838 baec
1314 4792 1446 4838 vacuum
1469 4793 1504 4838 ex
1526 4775 1612 4855 parte
1635 4775 1828 4857 occupatum,
1851 4790 1923 4835 oum
1945 4774 2041 4841 κενὸν

312 4949 332 5015 ¹)
351 4900 569 5016 ειυς-τλῆ.
589 4944 681 5010 rabac
700 4944 787 4998 most.

310 5033 334 5102 ¹)
352 5034 384 5088 cl.
402 5031 533 5086 Plutarch.
552 5029 609 5083 adv.
629 5029 727 5082 Stoicos
745 5047 766 5082 c.
785 5029 825 5082 36.

310 5121 330 5184 ³)
347 5117 377 5172 cl.
396 5117 527 5170 Plutarch.
547 5115 603 5170 adr.
622 5113 721 5167 Stoicos
738 5131 759 5168 c.
778 5115 818 5168 31.
