4844 6104
1297 513 1336 574 14

525 713 572 776 Ad
587 715 681 777 finem
696 713 823 795 perduxi
842 712 942 794 mythi
956 711 1065 776 Diouei
1086 715 1311 778 enarrationem
1334 718 1365 778 et
1386 716 1580 793 conticerem,
1603 716 1662 780 nisi
1683 720 1816 781 restaret
1836 719 1862 782 is
1884 720 1969 783 locus
1984 720 2012 800 (ἓ
2029 721 2179 802 29-31),
2195 722 2248 784 ubi

372 827 412 890 de
439 824 547 889 mundi
569 823 795 888 definitionibus
817 823 970 887 disserens
996 823 1132 905 primum
1159 822 1268 888 Stoicis
1295 826 1395 888 totum
1418 844 1451 889 se
1473 825 1558 890 dedit
1580 827 1715 909 scriptor.
1754 829 1866 892 uocum
1889 831 2024 894 exscribo
2047 849 2084 894 ex
2104 831 2248 912 Emperio

371 937 456 1000 hunc
476 935 589 1010 locum,
613 935 666 1014 qui
688 934 836 997 auxilium
864 934 1004 1015 expectat
1032 937 1063 996 et
1084 933 1276 997 emendaturi
1304 937 1336 996 et
1363 935 1547 1018 interpretis.
1597 936 1686 1015 Quod
1714 938 1808 1001 verba
1829 941 1979 1007 ἐναντίον
2003 977 2040 984 -—
2065 939 2248 1020 ὑπολαβεῖν

374 1048 460 1109 uncis
487 1045 720 1128 circumscripsi,
742 1043 865 1108 Reislio
887 1043 1023 1124 debetur,
1047 1061 1140 1125 quem
1161 1044 1270 1126 probat
1291 1044 1466 1126 Emperius,
1489 1046 1595 1110 sedin
1617 1047 1748 1111 editione
1770 1067 1832 1112 non
1855 1051 1978 1112 secutus
2002 1052 2057 1112 ast.

575 1157 613 1222 τό
636 1164 696 1240 μὲν
718 1153 756 1242 δη
778 1160 834 1242 τῆς
855 1147 976 1232 πόλεως
998 1151 1108 1235 οὕτως,
1130 1155 1222 1239 ἔφην,
1242 1155 1293 1228 ,δεῖ
1307 1148 1449 1232 οἷκοόειν,
1473 1149 1514 1235 οἷς
1530 1155 1587 1225 crin
1611 1153 1759 1247 άντικρυς
1775 1164 1841 1226 ταῖν
1856 1166 2032 1248 εἰρημένων
2045 1160 2103 1229 τόν
2118 1152 2241 1245 κόσμον

507 1319 509 1326 1
574 1266 850 1352 α’ποφαινομένων
871 1265 970 1333 πόλιν
992 1263 1155 1344 (ἐναντίον
1175 1265 1238 1351 γάρ
1260 1261 1304 1331 dv
1326 1264 1453 1354 ὑπῆρχε
1474 1263 1577 1357 τούτῳ
1599 1267 1644 1358 τῷ
1673 1268 1756 1358 λόγῳ
1783 1267 1818 1335 τό
1840 1280 1914 1359 περὶ
1944 1274 2000 1356 τῆς
2030 1263 2165 1353 πόλεως,
2195 1267 2246 1356 ἥν,

575 1374 682 1460 ὥσπερ
704 1368 763 1444 οὖν
788 1376 890 1470 εἶπον,
914 1372 1059 1462 σύστημα
1082 1370 1272 1462 α’νθριόπων
1293 1373 1461 1463 ιόρίσαντσ
1485 1372 1557 1460 άμα
1579 1405 1616 1444 τε
1637 1375 1694 1445 oria
1708 1371 1751 1463 ἤν
1767 1383 1839 1456 ἴσως
1855 1391 1983 1465 πρέπον
2005 1375 2081 1447 odda
2095 1381 2248 1447 πιθανόν

575 1500 688 1569 κυρίως
705 1484 858 1563 εἰπόντας
879 1485 964 1552 εἶναι
976 1482 1032 1550 τόν
1046 1474 1167 1566 κόσμον
1182 1487 1263 1574 ζῷον
1274 1485 1389 1550 ἔπειτα
1407 1484 1544 1568 φάσκειν
1555 1482 1597 1564 όός
1612 1489 1681 1553 ἔστι
1696 1485 1797 1564 πόλις·
1816 1487 1886 1570 (30)
1902 1489 1938 1554 τό
1961 1485 2024 1577 γάρ
2048 1486 2130 1556 αὐτό
2152 1488 2248 1556 πόλιν

576 1623 610 1661 τε
637 1607 692 1662 καὶ
723 1598 804 1686 ζῷον
831 1593 887 1661 οὐκ
916 1592 959 1661 άν
988 1595 1080 1677 οἶμαι
1110 1595 1226 1682 ῥᾳδίοις
1253 1592 1407 1678 δπομένοι
1432 1621 1479 1674 τις
1512 1595 1724 1679 ὑπολαβεῖν),
1753 1596 1840 1664 άλλοὶ
1863 1598 1920 1682 τὴν
1942 1604 2002 1665 νῦν
2032 1589 2246 1683 διακόσμησιν,

577 1701 718 1788 όπηνίκα
748 1704 898 1803 διῄρηται
927 1714 982 1769 καῖ
1007 1715 1195 1792 μεμέρισται
1224 1703 1260 1768 τό
1283 1710 1355 1770 πάν
1382 1710 1425 1781 εἰς
1455 1705 1580 1782 πολλάς
1601 1732 1693 1784 τινας
1719 1707 1845 1795 μορφάς
1867 1712 1979 1791 φυτιόν
2004 1735 2040 1774 τε
2069 1718 2124 1790 καὶ
2156 1697 2247 1797 ζῴων

575 1823 707 1902 θνητῶν
719 1828 774 1882 καὶ
797 1811 990 1890 α’θανάτων,
1015 1812 1062 1879 ε”τι
1086 1813 1122 1878 δε
1143 1810 1235 1901 άέρος
1257 1825 1312 1879 καὶ
1333 1820 1390 1898 γῆς
1412 1824 1466 1879 καῖ
1487 1811 1604 1892 ὕδατος
1625 1826 1680 1881 καὶ
1703 1814 1819 1900 πυρός,
1844 1817 1902 1884 νοῦ
1925 1818 1959 1882 δὲ
1983 1808 2079 1902 ἧττον
2101 1817 2246 1901 πεφυκός

575 1930 613 1994 ἐν
641 1925 746 1993 ἅπασι
773 1922 895 2000 τούτοις
923 1933 977 1988 καὶ
1004 1923 1068 2010 μιᾷ
1096 1927 1181 2021 ψυχῇ
1217 1933 1271 1988 καὶ
1301 1923 1439 2008 δυνάμει
1469 1922 1669 2006 διεπόμενον,
1703 1923 1851 2014 άμηγέπη
1880 1925 1971 1992 πόλει
2002 1925 2246 2014 προσεικάζουσι

576 2036 632 2102 διά
654 2035 689 2100 τό
714 2035 843 2118 πλῆθος
865 2033 930 2099 τῶν
950 2033 987 2098 ἐν
1009 2029 1095 2127 αὐτῇ
1118 2041 1316 2115 γιγνομένων
1339 2043 1450 2098 τεκαὶ
1472 2031 1749 2117 άπογιγνομένων,
1774 2036 1822 2100 ἔτι
1845 2037 1880 2100 δὲ
1904 2032 1963 2120 την
1991 2027 2084 2111 τάξιν
2112 2046 2167 2100 καῖ
2188 2032 2246 2121 την

576 2144 751 2227 εόκοσμίαν
773 2142 829 2229 τῆς
851 2140 1043 2229 διοικήσεως.
1066 2138 1167 2220 (3lio‘
1195 2142 1230 2207 δὲ
1260 2141 1351 2222 λόγος
1379 2133 1468 2218 οὗτος
1498 2142 1643 2230 ἔμβραχυ
1665 2143 1847 2210 ἐσπούδακε
1868 2142 2069 2229 ξυναρμόσαι
2094 2149 2141 2235 τῷ
2163 2151 2244 2232 θείῳ

575 2246 848 2340 τόάνθριόπειον
867 2263 957 2332 γένος
978 2261 1032 2316 καὶ
1053 2254 1099 2317 ἑνὶ
1120 2248 1203 2339 λόγῳ
1226 2255 1417 2340 περιλαβεῖν
1440 2254 1510 2318 πᾶν
1530 2253 1566 2316 τό
1590 2252 1731 2334 λογικόν.

523 2368 624 2445 Atque
646 2363 678 2425 in
700 2362 785 2425 initio
808 2365 914 2424 auctor
934 2360 1066 2442 priorem
1089 2360 1224 2440 aliquam
1246 2359 1284 2422 de
1306 2359 1421 2423 mundo
1443 2360 1566 2442 respicit
1587 2361 1835 2443 disputationem,
1865 2381 1926 2442 qua
1953 2363 2022 2426 urbi
2045 2363 2107 2426 sive
2130 2363 2244 2426 civitat'

369 2497 443 2542 eum
472 2476 606 2540 similem
635 2491 702 2537 esse
730 2473 843 2535 dixisse
873 2469 1010 2536 videtur:
1049 2469 1131 2550 quod
1156 2489 1239 2533 nuno
1266 2489 1327 2533 non
1357 2467 1481 2550 quidem
1509 2469 1624 2534 falsum
1655 2489 1721 2536 osse
1745 2473 1919 2546 contendit,
1954 2472 2006 2535 sed
2036 2490 2076 2535 ne
2105 2473 2244 2536 absolute

372 2587 447 2670 (ccix
463 2585 625 2674 ἄντικρυς)
642 2584 759 2646 dictum
774 2601 841 2645 esse
863 2581 1024 2644 credamus
1047 2583 1160 2645 monet.
1198 2579 1300 2643 Verba
1321 2582 1426 2643 autem
1449 2579 1492 2661 οἷς
1516 2581 1574 2649 οὐκ
1596 2578 1745 2672 ἄντικρυς
1760 2588 1825 2650 τῶν
1848 2590 2022 2673 εἰρημένων
2046 2581 2103 2652 τόν
2126 2584 2245 2670 κόσμον

369 2700 646 2780 ἀποφαινομένων
687 2685 784 2761 πόλιν
805 2691 941 2773 Εωρετίἰ
971 2693 1053 2767 sunt,
1087 2690 1171 2753 dubii
1197 2710 1273 2753 num
1305 2689 1468 2778 ἡμετέρων
1495 2710 1549 2773 pro
1577 2699 1750 2781 εἰρημένων
1779 2693 1974 2756 scribendum
2004 2695 2052 2756 sit.
2097 2694 2245 2758 Codicum

367 2808 457 2874 lectio
479 2807 605 2886 vulgata
626 2804 748 2868 videtur
770 2821 836 2866 esse
859 2801 1008 2891 ἄντικρυς
1030 2807 1096 2868 τοῖν
1117 2799 1236 2889 η’μερον
1256 2803 1338 2892 ζῷον
1357 2801 1415 2867 τόν
1434 2800 1549 2884 κόσμον
1564 2801 1840 2887 α’ποφαινομένων
1862 2794 2007 2889 ἢπόλιν.
2038 2805 2245 2868 Mearmanni-

369 2938 448 2982 anns
478 2916 625 3004 ἄντικρυς
652 2921 718 2981 τῶν
744 2913 872 3001 ἡμερῶν
894 2911 951 2981 τόν
971 2906 1091 2997 κόσμον
1119 2910 1395 2997 ἀποφαινομένων
1423 2902 1520 2978 πόλιν
1542 2913 1676 2992 praebet.
1722 2915 1824 2994 Atque
1852 2914 1957 2976 sensui
1985 2917 2067 2977 certe
2097 2914 2245 2977 satisfecit

369 3029 542 3110 Emporius‚
565 3027 652 3089 cuius
684 3027 749 3094 τῶν
772 3031 945 3111 εἰρημένων
973 3022 1152 3105 probarem,
1187 3022 1212 3083 si
1248 3021 1445 3103 praecederet
1471 3023 1625 3085 continua
1651 3005 1887 3103 argumentatio.
1941 3025 2104 3088 Antecedit
2139 3029 2244 3088 autem

368 3138 469 3222 lepida
491 3137 527 3200 de
551 3137 717 3200 Hierosone
738 3134 883 3208 narratio
908 3134 960 3214 qui
989 3133 1096 3196 leviter
1125 3131 1340 3214 proludentem
1369 3132 1500 3195 Dionem
1536 3133 1751 3216 interruperat.
1796 3133 1922 3198 Accedit
1949 3135 2029 3215 quod
2063 3136 2146 3216 origo
2179 3136 2243 3198 vitii

369 3248 525 3314 obscurior
555 3252 610 3325 est,
645 3265 723 3326 quae
754 3245 867 3327 optime
895 3243 1103 3327 perspicietur,
1138 3243 1163 3305 si
1191 3242 1321 3306 Dionem
1351 3243 1506 3324 scripsisse
1537 3244 1715 3325 putabimus
1738 3242 1778 3322 cir
1801 3244 1860 3312 ccix
1882 3244 2032 3335 ἄντικρυς
2054 3245 2163 3330 ἡμῶν
2184 3244 2244 3312 τόν

367 3353 485 3444 κόσμον
499 3359 776 3444 α’ποφαινομενων
792 3355 898 3422 πόλιν.
938 3353 1038 3417 Simul
1054 3355 1085 3416 et
1098 3353 1297 3435 propaginem
1312 3352 1376 3415 vitii
1391 3353 1599 3434 intellegimus
1615 3356 1645 3416 et
1661 3354 1759 3416 multo
1774 3355 1933 3436 praestare
1956 3355 2098 3436 vulgatae
2121 3356 2243 3418 lectioni

367 3468 666 3534 lleermannianum.
704 3466 742 3529 In
765 3466 822 3529 hoc
843 3466 926 3528 enim
948 3483 984 3528 ex
1006 3465 1117 3526 leviore
1140 3461 1231 3549 ἡμῶν
1252 3463 1284 3525 in
1307 3461 1431 3553 ἡμερῶν
1455 3464 1627 3546 corruptela
1648 3470 1713 3531 τοῖν
1734 3461 1860 3553 ἡμερῶν
1883 3466 1999 3528 exstitit
2020 3466 2038 3530 i.
2056 3485 2079 3528 e.
2096 3484 2242 3529 mansue-

366 3587 469 3644 torum
484 3580 569 3644 urbs.
592 3578 768 3660 Adsumpta
782 3577 925 3658 sequenti
940 3575 1115 3638 definitione
1127 3573 1463 3657 (muuduszanimal)
1480 3574 1539 3638 duo
1551 3575 1582 3637 in
1594 3575 1721 3655 vulgata
1739 3575 1945 3638 nascebantur
1957 3576 2097 3663 ὁρισμοί.Ι
2125 3572 2244 3664 ἥμερον

367 3693 449 3784 ζῴον
471 3693 502 3754 et
524 3690 628 3767 πόλις,
652 3707 728 3768 quos
751 3687 881 3768 denique
904 3685 1011 3748 addita
1031 3683 1053 3771 ἢ
1074 3684 1225 3767 particula
1247 3684 1457 3764 seiungebaut.

519 3800 579 3863 Sed
612 3817 695 3862 nunc
727 3797 895 3873 videamus,
928 3816 1005 3859 num
1028 3815 1064 3859 aa
1086 3787 1248 3878 superioris
1277 3795 1470 3877 expositionis
1492 3799 1587 3877 parte,
1611 3796 1761 3876 adquam
1791 3798 1867 3861 haec
1889 3799 1981 3862 verba
2005 3799 2151 3861 adnexuit
2174 3799 2241 3874 Dio,

366 3913 480 3994 apertis
502 3910 603 3974 verbis
627 3909 782 3974 civitatem
805 3908 866 3972 sive
890 3909 996 3970 urbem
1019 3925 1086 3969 esse
1108 3905 1261 3968 mundum
1291 3905 1408 3968 dixerit.
1467 3905 1537 3969 Non
1569 3904 1644 3968 dixit
1673 3925 1772 3986 neque
1805 3908 1905 3989 potuit
1932 3907 2030 3972 dicere
2053 3914 2165 3985 orator,
2190 3909 2242 3988 qui

365 4023 402 4085 de
431 4022 516 4099 urbe,
549 4039 611 4084 non
640 4018 679 4082 de
700 4018 816 4081 mundo
843 4018 1075 4081 contionaturus
1097 4015 1252 4099 prodierat
1281 4015 1319 4078 ad
1341 4015 1586 4098 Borysthenitas.
1623 4017 1670 4079 De
1693 4018 1767 4079 urbe
1797 4017 1879 4080 enim
1901 4018 2039 4082 dicturus
2066 4019 2241 4100 Phocylidis

365 4151 471 4196 versus
492 4129 744 4214 pronuntiaverat
775 4129 809 4210 (ξ
834 4129 896 4206 13),
920 4128 957 4190 de
978 4127 1054 4191 urbe
1082 4146 1114 4190 se
1137 4126 1292 4190 dicturum
1319 4145 1385 4189 esse
1408 4124 1430 4210 ξ
1455 4127 1494 4188 18
1523 4127 1663 4209 promisit
1685 4131 1724 4203 et,
1749 4130 1785 4190 ut
1800 4129 1849 4191 via
1871 4147 1907 4192 ao
1921 4129 2038 4192 ratione
2053 4130 2241 4211 procederet,

364 4238 500 4325 primum
530 4239 603 4322 quid
632 4241 672 4302 sit
702 4240 775 4302 urbs
803 4238 942 4319 quaesiit.
985 4237 1078 4300 Illam
1107 4237 1200 4316 igitur
1228 4236 1365 4300 definivit
1391 4235 1412 4318 ,8
1437 4238 1492 4302 2οε
1524 4235 1623 4317 οὕτως
1653 4230 1710 4307 οὖν
1739 4251 1793 4305 καὶ
1822 4241 1882 4328 την
1909 4239 2009 4307 πόλιν
2030 4252 2129 4324 φασὶν
2157 4243 2241 4308 εἶναι

365 4358 494 4440 πλῆθος
516 4350 708 4440 άνθράπων
728 4352 765 4418 ἐν
786 4348 896 4440 ταύτῷ
912 4348 1149 4417 κατοικούντων
1171 4346 1234 4415 ὑπό
1257 4348 1357 4432 νόμου
1379 4348 1609 4433 διοικούμενον.
1655 4349 1750 4414 Cuius
1766 4349 1951 4413 definitionis
1967 4350 2148 4429 gravissima
2170 4369 2241 4431 pars

363 4465 538 4528 continetur
560 4461 661 4525 verbis
683 4460 748 4529 ὑπὸ
779 4460 877 4545 νόμου
899 4459 1130 4545 διοικούμενον.
1176 4458 1267 4523 Unde
1297 4459 1437 4540 sequitur
1465 4463 1501 4522 ut
1528 4460 1602 4523 urbs
1629 4463 1734 4523 mente
1765 4479 1873 4524 carens
1896 4478 1957 4522 uon
1980 4460 2020 4522 sit
2041 4460 2124 4530 urbs.
2172 4460 2241 4523 Iam

363 4594 433 4638 vero
456 4574 621 4655 quaeritur,
638 4571 711 4652 quid
728 4572 767 4634 de
783 4590 819 4634 ea
834 4571 909 4634 urbe
924 4569 1125 4633 iudicandum
1141 4570 1189 4646 sit,
1214 4569 1300 4632 ouius
1323 4571 1456 4632 rectores
1477 4570 1596 4634 ratione
1613 4570 1743 4652 praediti
1766 4571 1836 4644 sint,
1853 4567 1963 4633 deiecti
1986 4571 2012 4633 ei
2025 4589 2101 4651 quos
2117 4575 2239 4651 regunt.

363 4685 519 4747 Nimirum
529 4685 733 4764 haecquoque
742 4681 826 4744 urbis
837 4683 962 4744 nomine
974 4680 1130 4761 dignaest.
1154 4679 1237 4743 Nam
1250 4681 1361 4743 camin
1374 4681 1463 4744 terris
1472 4680 1586 4744 frustm
1595 4699 1735 4762 quaeres,
1744 4681 1830 4743 cuius
1843 4700 1951 4744 omnes
1961 4683 2064 4763 partes
2076 4681 2240 4745 rationales

363 4797 433 4858 sint.
457 4795 529 4857 Tale
545 4794 676 4857 civitatis
693 4793 868 4874 exemplum
884 4792 1012 4854 deorum
1026 4793 1151 4854 tantum
1165 4791 1245 4853 inter
1260 4809 1292 4853 sc
1308 4791 1526 4854 commercium
1541 4793 1676 4874 praebet.
1714 4791 1778 4854 Nos
1794 4795 1899 4856 autem
1914 4811 1969 4874 pro
1981 4793 2137 4856 humanae
2149 4795 2240 4857 sortis

362 4907 537 4970 condicione
554 4905 688 4968 contenti
712 4903 835 4978 erimus,
858 4903 883 4965 si
905 4903 986 4965 inter
1008 4905 1151 4984 corrupta
1172 4902 1275 4964 omnia
1296 4921 1395 4966 unum
1417 4903 1520 4965 minus
1536 4907 1696 4984 corruptae
1719 4903 1803 4966 urbis
1826 4903 2002 4985 exemplum
2018 4903 2237 4968 invenerimus

512 5015 608 5079 Vides
630 5016 661 5078 in
684 5016 741 5077 hac
764 5015 887 5076 austera
908 5013 1037 5076 humani
1059 5013 1214 5094 divinique
1236 5012 1424 5094 oppositione
1446 5013 1549 5076 locum
1570 5032 1632 5076 non
1655 5031 1721 5076 esse
1745 5014 1811 5077 eius
1834 5013 1976 5088 civitatis,
2000 5031 2077 5094 quae
2101 5015 2240 5076 humana

362 5131 394 5190 et
415 5127 517 5191 divina
539 5127 577 5189 ad
593 5126 716 5190 maioris
736 5123 951 5205 „systematis“
977 5124 1129 5187 unitatem
1151 5123 1316 5204 coniungit.
1368 5123 1484 5186 'lamen
1508 5123 1637 5204 scriptor
1660 5123 1755 5187 futuri
1778 5123 1921 5206 providus
1945 5125 2037 5188 etiam
2059 5124 2152 5188 huius
2168 5125 2240 5188 civi·
