4844 6104
1110 510 1146 568 15

185 713 259 776 tatis
282 711 470 775 mentionem
501 711 590 792 quasi
617 711 726 776 furtim
755 711 933 789 immiscuit,
965 715 1001 775 ut
1029 717 1124 788 esset,
1153 713 1190 776 ad
1221 731 1300 794 quac
1329 713 1435 793 postea
1464 710 1613 792 respicere
1641 712 1755 790 posset.
1803 709 1886 772 Nam
1914 707 1965 772 ubi
1988 709 2064 774 dirit

186 822 315 886 deorum
336 821 586 886 communionem
607 822 731 886 unicam
754 840 859 885 veram
880 841 948 886 esse
972 822 1137 900 civitatem,
1159 821 1197 906 (ξ
1221 825 1276 888 23;
1299 837 1379 907 μίαν
1401 823 1465 911 γαρ
1491 822 1530 909 δή
1554 820 1675 905 ταύτην
1695 826 1853 908 καθαρῶς
1881 820 2061 906 εὐδαίμονα

186 936 358 1001 πολιτείαν
380 939 443 1000 εἴτε
465 944 522 1000 καὶ
545 931 647 1001 πόλιν
668 933 725 1022 χρη
746 938 861 1001 καλεῖν
882 935 939 1021 την
962 938 1051 1001 θεῶν
1072 931 1336 1022 πρός·ιι’λλήλονς
1356 929 1551 1012 κοινωνίαν),
1574 929 1666 992 verba
1683 929 1830 996 adnexuit
1857 922 1918 1000 ε’ύν
1943 960 1978 998 τε
2006 944 2061 999 καὶ

187 1042 322 1128 σύμπαν
351 1041 389 1109 ud
420 1040 548 1124 λογικόν
581 1042 739 1142 περιλαβη
760 1069 818 1125 τις,
840 1039 1033 1128 α’νθριύπων
1064 1045 1121 1112 σύν
1155 1049 1246 1120 θεοῖς
1280 1039 1548 1130 α’ριθμονμένων,
1590 1038 1632 1118 ὦς
1672 1041 1787 1119 παίόες
1824 1043 1882 1110 σύν
1924 1040 2063 1132 α’νδρύσι

185 1157 336 1234 λέγονται
358 1165 506 1238 μετέχειν
527 1149 662 1230 πόλεως,
685 1150 779 1237 φύσει
801 1157 935 1220 πολῖται
958 1147 1056 1234 ὄντες,
1081 1149 1119 1220 ού
1139 1158 1185 1243 τῷ
1206 1169 1333 1239 φρονεῖν
1355 1179 1390 1216 τε
1412 1162 1467 1216 καὶ
1488 1141 1646 1239 πράττειν
1666 1151 1708 1218 τοὶ
1736 1156 1802 1218 τῶν
1824 1156 1967 1218 πολιτῶν
1987 1149 2064 1220 odda

186 1269 231 1352 τῷ
249 1279 414 1330 κοινωνεῖν
435 1266 491 1330 τοῦ
513 1252 628 1345 νόμον,
652 1260 802 1339 οἷξύνεοοι
825 1257 912 1340 ὄντες
935 1261 1045 1336 αὐτοῦ,
1069 1261 1181 1342 quibus
1202 1261 1319 1324 indicat
1339 1280 1430 1343 posse
1453 1262 1547 1324 etiam
1568 1280 1618 1324 res
1637 1262 1791 1324 humanas
1805 1261 1933 1326 deorum
1949 1261 2064 1326 civitati

187 1372 318 1435 insertas
341 1371 466 1452 cogitari
489 1371 533 1433 ita
561 1372 597 1434 ut
618 1371 744 1436 rationis
766 1373 870 1453 partes
892 1371 996 1434 divina
1018 1372 1171 1453 suscipere
1193 1371 1366 1448 videantur,
1389 1372 1530 1436 homiues
1553 1389 1623 1434 vero
1645 1371 1811 1435 infantium
1833 1372 1931 1435 instar
1951 1373 1989 1436 ab
2003 1373 2064 1438 illis

188 1482 296 1544 curari.
331 1480 433 1559 Quam
463 1481 650 1545 sententiam
680 1481 751 1544 huic
781 1481 1035 1544 demonstrationi
1056 1499 1168 1563 parum
1191 1484 1294 1564 aptam
1319 1500 1385 1545 esse
1407 1483 1471 1563 ipse
1494 1481 1552 1544 Dio
1573 1482 1654 1545 tecte
1684 1481 1800 1545 fatetur
1822 1483 1931 1560 verbis,
1953 1483 2064 1563 quibus

188 1592 341 1673 prooemio
368 1592 463 1655 finem
492 1591 639 1673 imposuit
665 1591 744 1681 πρός
772 1619 803 1656 τι
825 1597 1010 1660 τοιοῦτον
1042 1589 1181 1682 ὥρμων
1210 1592 1255 1684 τῷ
1288 1591 1381 1683 λόγῳ.
1427 1591 1494 1678 ¹Hoc
1527 1593 1632 1655 autem
1662 1592 1800 1656 lucratus
1833 1595 1889 1671 est,
1923 1595 1959 1656 ut
1992 1613 2064 1657 oum

188 1701 365 1766 Hierosonis
387 1702 507 1766 monitu
529 1701 622 1765 Dioni
645 1699 807 1763 dedicius
830 1701 904 1765 urbe
935 1701 1100 1766 dicendum
1123 1703 1172 1780 sit,
1196 1701 1232 1765 de
1255 1701 1432 1766 definitione
1461 1702 1523 1765 iam
1545 1703 1777 1783 praemonuisse
1799 1703 1939 1767 videatur
1967 1707 1998 1767 et
2026 1704 2065 1768 de

189 1812 247 1874 hac
269 1814 356 1894 parte
377 1812 503 1876 fioridae
526 1811 650 1876 dictioni
672 1811 775 1874 minus
798 1813 871 1892 apta
893 1812 992 1876 brevis
1014 1831 1082 1876 esse
1103 1813 1209 1896 possit.

342 1921 453 1986 Variae
477 1922 649 1986 Stoicomm
671 1921 780 1984 mundi
803 1922 995 1987 definitiones
1018 1923 1099 2005 apud
1115 1923 1283 1987 Eusebium
1296 1923 1321 2006 ¹)
1344 1922 1394 2006 (cf.
1418 1922 1502 1986 Diels
1515 1922 1625 1998 364,11
1649 1921 1728 2006 sqq.)
1752 1925 1948 1987 enumeratae
1972 1927 2063 1988 sunt:

190 2037 276 2124 ζῷον,
292 2033 379 2116 θεός,
396 2027 539 2118 σύστημα
562 2035 598 2111 ἒξ
619 2029 762 2118 ούρανοῦ
784 2045 839 2100 καὶ
862 2030 954 2123 οἷέρος
975 2044 1031 2100 καὶ
1053 2034 1109 2122 γῆς
1131 2045 1186 2101 καὶ
1202 2034 1372 2122 θαλάσσης
1394 2046 1449 2100 καὶ
1464 2038 1528 2100 τῶν
1542 2035 1579 2100 ἒν
1595 2030 1706 2110 αὐτοῖς
1728 2032 1865 2114 φύσεων,
1888 2032 2066 2123 οἰκητήριον

190 2149 280 2212 θεῶν
301 2155 357 2211 καὶ
381 2133 577 2233 ἀνθρώπων,
601 2140 696 2221 πόλις
717 2144 754 2208 ἐκ
778 2148 870 2212 θεῶν
897 2155 952 2210 καὶ
980 2139 1173 2228 ανθρώπων
1195 2146 1386 2220 συνεστῶσα,
1409 2143 1551 2230 σύστημα
1574 2145 1609 2209 ἐκ
1632 2148 1724 2210 θεοῖν
1751 2155 1807 2210 καὶ
1830 2141 2018 2234 ἀνθρώπων
2030 2145 2065 2226 ²).

188 2254 275 2318 luter
296 2253 353 2316 has
375 2253 509 2317 Dionem
530 2253 608 2318 duas
631 2252 688 2315 sibi
709 2253 838 2332 elegisse
861 2256 892 2316 et
912 2253 957 2315 ita
977 2253 1059 2317 inter
1081 2271 1113 2316 se
1136 2253 1313 2335 opposuisse
1336 2271 1429 2335 supra
1452 2251 1700 2316 demonstratum
1723 2255 1778 2327 est,
1801 2255 1837 2315 ut
1859 2254 2016 2318 civitatem
2029 2255 2067 2318 ad

190 2367 337 2440 creatum,
366 2364 481 2427 animal
508 2364 545 2427 ad
572 2364 758 2444 flagrantem
787 2363 849 2426 sive
878 2366 1092 2427 renascentem
1121 2363 1276 2427 mundum
1313 2363 1480 2427 adhiberet.
1539 2361 1625 2440 Quae
1659 2361 1813 2426 distinctio
1847 2364 2068 2427 obversabatur

191 2474 315 2556 quidem
339 2476 441 2538 animo
463 2474 581 2552 Dionis,
605 2494 677 2538 cnm
698 2475 806 2550 verbis,
830 2492 909 2554 quae
930 2493 1014 2538 nunc
1035 2477 1216 2551 tractamus,
1250 2473 1440 2554 insequentis
1462 2472 1585 2536 fabulae
1608 2473 1697 2553 quasi
1719 2472 1924 2536 fundamenta
1944 2474 2066 2553 iaceret,

191 2585 244 2648 sed
260 2584 398 2648 nondum
421 2602 492 2648 eam
507 2585 656 2667 explicare
678 2584 773 2648 licuit.
800 2583 894 2648 Vides
910 2587 1013 2649 autem
1029 2605 1122 2662 nunc,
1139 2603 1233 2666 quem
1248 2584 1420 2648 necessaria
1434 2583 1475 2646 sit
1489 2582 1604 2645 Reislrii
1620 2582 1824 2664 parenthesis,
1841 2603 1902 2664 qua
1919 2585 2068 2649 liberatur

191 2695 229 2756 ab
252 2693 470 2758 additamentis
505 2695 651 2776 primaria
684 2694 792 2758 Dionis
828 2696 995 2774 sententia,
1024 2695 1111 2760 cuins
1140 2695 1197 2759 hoc
1225 2694 1385 2757 consilium
1408 2695 1462 2768 est
1485 2694 1521 2755 ut
1543 2693 1695 2773 quomodo
1724 2693 1830 2757 civitas
1863 2694 1903 2758 sit
1931 2696 2068 2758 mundus

191 2804 355 2868 discamus.
399 2806 466 2868 Hoc
488 2805 571 2870 enim
594 2805 679 2868 dicit:
705 2802 814 2884 „Quod
836 2804 897 2868 dixi
918 2805 1072 2868 muudum
1095 2823 1161 2868 esse
1183 2803 1348 2879 civitatem,
1380 2822 1442 2866 non
1468 2803 1513 2866 ita
1534 2803 1721 2884 intellegatis
1742 2807 1780 2867 ut
1799 2805 1940 2869 absolute
1962 2803 2067 2886 (ἄντι-

191 2942 265 3002 κρος
281 2913 456 2997 :dulcia
478 2934 549 2978 mox
570 2916 699 3006 κυρίως)
723 2914 804 2978 hanc
834 2913 1043 2978 definitionem
1071 2915 1171 2978 valere
1199 2913 1328 2996 putetis,
1358 2913 1412 2976 sed
1442 2913 1622 2976 hodiernam
1651 2915 1759 2977 mundi
1796 2914 2069 2980 conformationem

190 3025 255 3088 iure
277 3028 458 3107 comparant
479 3044 551 3088 cum
574 3026 650 3088 urbe
677 3026 708 3087 et
735 3025 861 3107 propter
883 3024 1117 3088 multitudinem
1139 3043 1254 3103 rerum,
1278 3042 1356 3105 quae
1378 3024 1617 3112 διακοσμήσεως
1640 3026 1777 3107 tempore
1792 3027 1825 3088 in
1847 3044 1883 3089 ea
1898 3033 2069 3092 nascuntur

191 3141 221 3199 et
241 3138 380 3218 pereunt,
404 3138 436 3198 et
456 3138 581 3218 propter
604 3134 877 3198 administrationis
899 3133 1037 3197 virtutes.
1077 3135 1173 3197 Recte
1196 3136 1302 3197 autem
1323 3133 1422 3216 primo
1444 3133 1510 3197 loco
1531 3132 1569 3196 de
1593 3135 1739 3198 varietate
1761 3135 1931 3199 viventium
1953 3141 2067 3216 monet,

190 3263 264 3307 nam
286 3263 321 3309 eo
342 3245 538 3327 potissimum
560 3245 636 3308 haec
657 3244 766 3308 muudi
787 3243 924 3308 condicio
947 3261 965 3306 a
985 3243 1152 3325 posteriore
1173 3243 1284 3319 differt,
1301 3244 1382 3324 quod
1404 3262 1488 3306 nunc
1502 3262 1592 3306 mens
1607 3244 1772 3327 dispertita
1787 3247 1834 3308 est
1855 3246 1886 3309 in
1905 3246 2070 3312 innumera

191 3355 344 3428 animalia,
367 3359 435 3418 tum
458 3375 529 3420 vero
551 3373 618 3418 sese
641 3354 766 3436 recipiet
786 3353 819 3416 in
841 3353 977 3435 supremi
1000 3353 1049 3416 dei
1071 3354 1231 3418 unitatem.

341 3462 439 3529 Venio
468 3465 506 3528 ad
535 3466 743 3549 parenthesim
765 3464 871 3527 multis
893 3464 1051 3527 turbatam
1072 3483 1175 3544 neque
1197 3463 1335 3528 felicibus
1364 3464 1499 3527 virorum
1526 3464 1686 3528 doctorum
1709 3467 1879 3544 conatibus,
1903 3485 1984 3547 quae
2007 3487 2070 3532 una

190 3575 315 3656 excepta
329 3575 454 3638 literula
475 3575 550 3638 mihi
572 3576 694 3639 videtur
716 3593 792 3638 sana
813 3593 890 3638 esse.
922 3575 1011 3638 Mitto
1034 3573 1170 3656 Emperii
1191 3574 1322 3637 aliorum
1343 3573 1524 3638 tentamina.
1557 3575 1720 3638 Traditum
1743 3577 1810 3640 est:
1834 3578 1985 3645 ἐναντίον
2006 3579 2069 3666 γοέρ

191 3682 234 3752 ἄν
267 3683 389 3774 ὑπῆρχε
408 3690 515 3754 τοῦτο
551 3692 595 3776 τῷ
624 3686 709 3776 λόγῳ
735 3690 782 3776 aqi
808 3696 881 3774 περὶ
911 3689 966 3770 τῆς
992 3685 1124 3767 πόλεως,
1153 3682 1262 3774 οἵσπερ
1292 3676 1350 3753 ούν
1380 3687 1483 3768 εἶπον,
1515 3683 1660 3770 σύστημα
1692 3684 1882 3776 ανθρώπων
1916 3685 2069 3778 ὃρίσαντο.

192 3793 313 3858 Scribas
336 3814 407 3859 cum
431 3795 562 3860 Saldeno
584 3793 750 3884 ὁρίσαντι
773 3794 921 3875 neglectis
943 3794 1051 3858 ceteris
1072 3794 1164 3858 huius
1186 3793 1242 3857 viri
1265 3793 1458 3872 coniecturis,
1482 3797 1514 3857 et
1529 3813 1655 3858 sensum
1670 3796 1766 3859 habes
1781 3797 1943 3878 optimum,
1963 3795 2071 3887 ὥσπερ
2129 3835 2132 3844 ·

191 3899 248 3974 οὖν
267 3908 372 3969 autem
393 3925 433 3970 ne
448 3909 478 3970 te
493 3905 627 3969 offendat
642 3905 679 3968 cf.
696 3923 738 3968 or.
753 3903 825 3982 XII,
842 3905 891 3970 38.
927 3903 1067 3986 Explicat
1080 3903 1139 3967 Dio
1155 3923 1209 3967 our
1229 3923 1286 3968 nos
1308 3905 1441 3967 vetuerit
1462 3904 1601 3967 absolute
1623 3904 1739 3968 dietam
1760 3907 1841 3970 hanc
1862 3907 2071 3972 definitionem

191 4013 379 4096 intellegere.
414 4015 510 4080 Cuius
526 4015 741 4078 admonitionis
756 4015 939 4094 gravissima
954 4014 1079 4096 quidem
1095 4031 1188 4078 causa
1204 4031 1240 4076 ea
1252 4015 1309 4090 est,
1334 4014 1415 4095 qnod
1430 4033 1493 4077 non
1509 4032 1631 4096 semper
1645 4015 1727 4078 valet
1741 4016 1818 4080 haec
1833 4016 1977 4082 definitio.
2009 4017 2072 4081 Sed

191 4126 429 4202 baracensem,
453 4145 547 4208 quam
570 4127 626 4190 hoc
648 4124 923 4205 argumentationis
946 4127 1084 4207 tempore
1108 4123 1267 4187 audientes
1289 4143 1351 4187 uon
1372 4125 1504 4205 possunt
1524 4124 1713 4205 intellegere,
1736 4146 1819 4190 nuno
1846 4146 1908 4191 non
1936 4128 2070 4211 respicit.

192 4234 292 4297 Aliam
318 4235 432 4298 adfert:
460 4235 645 4300 contrariam
670 4253 740 4299 eam
766 4234 875 4298 essaei
905 4234 990 4296 urbis
1016 4234 1270 4316 interpretationi,
1299 4251 1394 4315 quam
1416 4235 1508 4297 certis
1529 4235 1628 4298 verbis
1651 4254 1745 4319 supra
1765 4241 1918 4319 posuerat
1940 4243 2071 4325 πλῆθος

192 4347 297 4408 autem
319 4345 438 4409 dixerat
458 4365 528 4410 eam
550 4364 618 4409 esse
641 4344 830 4435 ανθρώπων
852 4343 918 4413 dno*
939 4345 998 4413 τοῦ
1020 4344 1120 4429 νόμον
1142 4337 1371 4429 διοικούμενον.
1420 4342 1579 4424 Videlicet,
1602 4345 1628 4408 si
1650 4347 1724 4409 urbs
1744 4346 1920 4412 hominibus
1941 4349 2071 4424 constat,

191 4456 300 4519 urbem
322 4475 382 4520 non
406 4456 478 4520 licet
499 4456 659 4520 nominare
681 4458 713 4519 et
735 4455 960 4519 elementorum
982 4455 1014 4518 et
1035 4455 1162 4518 deorum
1185 4456 1217 4516 et
1237 4454 1398 4517 hominum
1421 4455 1676 4519 coniunctionem.
1709 4456 1813 4520 Verba
1827 4458 1922 4538 igitur
1937 4464 1983 4549 τῷ
1999 4471 2072 4544 περὶ

192 4572 246 4654 τῆς
269 4558 392 4644 πόλεως
407 4567 487 4633 etad
503 4573 563 4652 μὲν
577 4567 616 4654 δη
641 4567 695 4655 τῆς
717 4565 842 4644 πόλεως
863 4565 908 4628 ita
929 4563 1084 4642 differunt,
1106 4565 1143 4626 ut
1161 4564 1214 4627 illa
1235 4564 1272 4627 de
1293 4564 1393 4646 priore
1415 4564 1469 4627 illa
1490 4565 1573 4628 urbis
1596 4565 1772 4630 definitione
1796 4568 1878 4632 dicta
1900 4568 1971 4646 sint,
1997 4569 2073 4631 haec

192 4678 299 4738 antem
319 4676 546 4758 interpreteris:
572 4676 673 4758 „quod
697 4676 757 4739 dixi
778 4675 818 4740 dc
841 4676 916 4739 urbe
938 4675 985 4758 (et
1005 4676 1143 4737 humana
1165 4677 1197 4738 et
1217 4674 1352 4758 diviua)“
1366 4673 1454 4737 —de
1468 4675 1600 4755 utraque
1616 4676 1699 4739 enim
1714 4677 1821 4740 callide
1837 4680 1930 4741 antea
1945 4678 2071 4742 dixerat.

344 4786 390 4849 De
400 4785 521 4866 reliqua
534 4787 754 4868 parentheseos
765 4789 853 4868 parte
868 4804 952 4848 nunc
965 4803 1056 4848 nemo
1071 4785 1231 4850 dubitabit.
1267 4784 1470 4848 subnascitur
1484 4785 1596 4848 oratori
1611 4783 1648 4849 de
1664 4787 1762 4850 altera
1775 4788 1884 4851 mundi
1898 4788 2074 4854 definitione

192 4896 306 4960 dicenti
328 4896 498 4960 recordatio
521 4896 657 4973 alterius,
685 4897 723 4960 de
746 4916 809 4977 qua
830 4916 914 4960 nunc
936 4894 1115 4977 explicatius
1137 4895 1237 4958 dicere
1260 4895 1287 4956 ei
1309 4914 1370 4958 nou
1392 4895 1472 4960 licet.
1517 4894 1554 4958 In
1583 4897 1765 4961 transcursu
1793 4901 1899 4962 tamen
1928 4917 1969 4962 ne
1993 4901 2075 4963 hanc

345 5049 364 5112 ¹)
383 5048 414 5102 cf.
433 5048 523 5118 Praep.
542 5047 640 5114 Evang.
658 5047 714 5114 XV,
728 5051 770 5104 15.

344 5136 366 5198 ²)
383 5133 413 5187 cf.
433 5131 504 5186 Stob.
523 5133 567 5185 erl.
590 5133 643 5200 1,21
665 5131 757 5198 184,10
774 5132 905 5186 Waobrrn.
924 5133 982 5196 465,
994 5133 1026 5186 15
1043 5131 1122 5186 Diels.
