4844 6104
1117 525 1154 586 17

345 731 456 794 Restat
482 732 518 793 ut
548 729 586 792 de
612 729 712 794 verbis
742 726 766 795 ά
792 727 875 816 μήτε
904 735 944 828 τῇ
972 728 1158 803 indicemus,
1192 747 1270 810 qnae
1299 728 1463 812 Emperius
1485 729 1569 790 recta
1597 729 1720 808 partem
1741 743 1807 789 esse
1836 725 1912 788 dixit
1932 725 2070 808 primarii

194 839 347 906 enuntiati
363 844 456 922 atque
471 839 629 904 lenissima
650 858 747 904 manu
757 839 790 902 in
809 838 960 925 οἱμιγγεπη
984 839 1224 903 transformavit.
1260 837 1393 902 Difficile
1409 840 1458 900 est
1473 839 1579 902 contra
1593 843 1661 900 tam
1676 835 1845 918 speciosam
1862 836 2069 900 coniecturam

193 969 340 1034 pugnare.
375 951 492 1014 Tamen
507 950 613 1014 dubito
628 949 666 1014 de
690 951 756 1013 eius
778 951 917 1014 veritate.
961 951 1075 1013 Attulit
1097 952 1202 1013 autem
1222 949 1386 1031 Emporias
1404 950 1436 1024 ¹),
1459 951 1494 1011 ut
1517 949 1680 1011 inventum
1694 947 1850 1029 probaret,
1885 946 1988 1010 locum
2017 947 2069 1026 qui

193 1063 220 1125 ei
236 1061 395 1125 videbatur
417 1060 591 1124 simillimus
614 1079 695 1124 esse:
730 1072 786 1127 καὶ
809 1058 866 1128 οὐκ
889 1059 963 1126 οἶδα
985 1054 1074 1138 ὅπως
1102 1062 1188 1127 δοκεῖ
1208 1088 1264 1146 μοι
1287 1071 1509 1149 προσεοικέναι
1531 1059 1567 1125 τὰ
1590 1064 1655 1126 τῶν
1676 1055 1855 1142 φιλοσόφων
1877 1058 1973 1125 ἐνίων
1995 1069 2068 1142 περὶ

192 1173 265 1251 τούς
287 1164 399 1254 λόγους
420 1167 607 1260 άμηγεπη
628 1171 670 1268 τῇ
691 1176 757 1237 τῶν
779 1170 1007 1258 κοροπλάθων.
1060 1168 1168 1251 Neque
1201 1187 1279 1250 nego
1312 1169 1469 1251 aptissime
1492 1169 1564 1232 huic
1585 1168 1759 1232 sententiae
1792 1166 1968 1249 adpositum
2000 1185 2068 1230 esse

195 1281 476 1362 „quodammodo“;
503 1299 577 1345 nam
600 1280 735 1362 quadam
756 1279 874 1343 ratione
896 1279 1012 1343 similes
1034 1282 1108 1342 sunt
1131 1282 1214 1342 artes
1236 1278 1415 1366 φιλοσόφων
1445 1281 1476 1342 et
1496 1279 1726 1364 κοροπλάθων.
1772 1275 1831 1340 Sed
1849 1277 1901 1358 qui
1916 1275 2070 1340 mundum

194 1391 310 1455 civitati
331 1392 520 1472 comparant,
544 1390 571 1454 ei
593 1391 650 1454 hoo
669 1409 731 1454 non
753 1387 871 1453 iaciunt
893 1390 1028 1470 quodam
1057 1389 1163 1467 modo,
1187 1389 1241 1453 sed
1261 1408 1363 1470 nequa
1387 1389 1564 1453 dubitantes
1585 1407 1686 1470 neque
1709 1387 1792 1451 verbi
1815 1386 2070 1468 significationem

194 1502 353 1564 mutantes
369 1501 555 1582 comparant.
587 1499 713 1564 Accedit
729 1499 810 1581 quod
826 1500 1017 1563 desideratur
1033 1500 1072 1562 ad
1087 1498 1330 1586 προσεικάζουσι
1345 1500 1583 1577 substantivum,
1607 1517 1667 1580 quc
1691 1498 1719 1562 ei
1733 1501 1893 1574 notentur,
1917 1497 1970 1578 qui
1984 1497 2071 1560 illam

194 1610 454 1692 comparationem
477 1609 733 1691 excogitaverunt.
787 1609 858 1673 Iam
888 1628 960 1674 vero
992 1609 1173 1688 Stoicorum,
1197 1628 1328 1691 quorum
1360 1618 1528 1692 praccepta
1562 1609 1718 1690 sequitur,
1752 1626 1924 1689 numquam
1957 1625 2070 1670 nomen

194 1721 374 1802 pronuntiat
395 1719 427 1782 in
460 1720 518 1783 hac
549 1721 694 1792 oratione,
716 1737 816 1800 neque
838 1721 941 1801 potest
968 1722 1001 1783 in
1030 1719 1151 1795 fabula,
1175 1738 1269 1801 quam
1292 1721 1455 1802 Magorum
1478 1738 1544 1784 esse
1565 1719 1661 1794 finxit,
1685 1718 1858 1782 Stoicorum
1880 1717 2070 1782 mentionem

195 1829 305 1894 facere.
336 1830 572 1912 Borysthenitaa
595 1830 687 1908 enim,
712 1828 863 1894 Getarum
884 1828 1017 1909 finitimi,
1041 1831 1094 1912 qui
1118 1829 1293 1914 Phooylidis
1314 1849 1354 1894 ne
1375 1848 1488 1893 nomen
1512 1828 1637 1911 quidem
1660 1829 1833 1903 andierunt
1861 1826 2070 1910 Chrysippum

194 1959 284 2004 nosse
311 1940 477 2004 verisimile
505 1959 567 2004 non
594 1942 649 2007 est.
694 1940 796 2021 Igitur
824 1939 970 2005 Geelione
994 1940 1252 2024 adstipulabimur
1274 1939 1559 2028 προσεικάζομεν
1580 1939 1784 2021 proponenti?
1818 1938 1953 2002 Minime.
1988 1937 2071 2001 Nam

195 2053 338 2132 apertum
359 2051 407 2113 est
428 2050 476 2113 his
497 2050 597 2114 verbis
619 2050 753 2114 Dionem
776 2051 875 2114 aliena
895 2053 932 2113 nt
954 2051 1055 2116 aliena
1077 2069 1328 2128 commemorare,
1352 2050 1390 2113 ad
1414 2067 1470 2112 sua
1485 2050 1619 2113 transire
1640 2049 1741 2113 verbis
1764 2042 1857 2128 οὗτος
1879 2051 1916 2116 δὲ
1938 2047 1957 2114 ὅ
1979 2048 2070 2131 λόγος

193 2164 260 2226 κτλ.
303 2159 414 2241 ltaque
436 2178 499 2222 non
520 2162 644 2242 expecto
668 2159 841 2224 Stoicorum
862 2179 986 2238 nomen,
1020 2159 1073 2224 sad
1096 2161 1158 2225 tale
1180 2162 1316 2236 verbum,
1350 2179 1386 2224 ex
1409 2178 1469 2240 quo
1492 2159 1683 2223 Graecomm
1710 2159 1910 2223 humaniores
1939 2158 2071 2222 Dionem

195 2269 332 2350 legentes
355 2269 598 2333 animadvertere
620 2271 771 2353 poterant,
793 2269 831 2334 de
855 2269 964 2334 Stoicis
986 2273 1132 2358 remagi.
1178 2272 1320 2352 Denique
1343 2271 1368 2333 si
1390 2269 1568 2334 recordatus
1591 2269 1632 2333 sis
1649 2270 1760 2351 opponi
1782 2270 1926 2334 hocloco
1948 2269 2070 2332 dicendi

193 2379 345 2444 rationem
378 2397 457 2460 quae
490 2380 675 2460 imaginibus
708 2381 806 2443 utitur
832 2380 868 2458 ei,
902 2398 981 2461 quae
1010 2382 1189 2464 simpliciter
1219 2381 1292 2445 dicit
1314 2381 1386 2462 quid
1409 2381 1531 2455 sentiat,
1566 2381 1733 2443 excusabor
1764 2379 1894 2444 fortasse
1924 2381 1949 2443 si
1978 2379 2071 2443 incidi

194 2488 227 2552 in
249 2487 352 2574 άλλη
359 2496 481 2579 γοροῦ
488 2517 580 2570 ντες
603 2491 843 2572 προσεικάζουσι
866 2509 920 2573 pro
943 2509 978 2556 eo
1001 2492 1082 2573 quod
1104 2491 1255 2556 traditum
1277 2493 1325 2555 est
1345 2491 1370 2557 ά
1392 2485 1472 2578 μήτε
1492 2492 1533 2586 τῇ
1555 2480 1808 2582 προσεικάζουσι.

933 2715 1335 2723 —————-—..—

346 2887 385 2952 In
407 2887 575 2969 appendice
597 2887 699 2951 dicam
721 2887 758 2951 de
781 2908 842 2952 uno
870 2890 935 2954 loco
961 2892 1107 2972 prooemii
1137 2893 1202 2956 eius
1229 2891 1381 2966 orationis,
1409 2907 1503 2971 quam
1529 2888 1638 2952 habuit
1659 2888 1733 2966 Dio,
1764 2890 1929 2970 postquam
1956 2889 2071 2953 relictis

194 2997 422 3080 Borysthenitis
445 2995 622 3079 Olympiam
645 3017 676 3062 se
699 2999 836 3072 contulit,
864 3000 896 3061 in
919 3018 979 3080 quo
1002 3003 1104 3065 orator
1124 3002 1242 3066 nescire
1265 3019 1298 3064 se
1325 2999 1410 3077 dicit,
1439 2979 1546 3062 utrum
1573 2998 1610 3061 da
1638 2998 1827 3062 Graecorum
1855 2999 1979 3064 illomm
2008 3001 2072 3064 vita

195 3126 362 3189 eorumque
385 3127 457 3172 cum
484 3108 621 3171 barbaris
643 3107 764 3190 proeliis
787 3110 868 3190 agat
892 3127 932 3171 an
954 3147 994 3155 —
1017 3110 1183 3175 dummodo
1206 3109 1335 3174 dicentis
1357 3109 1436 3172 vires
1458 3108 1514 3171 tali
1535 3109 1658 3190 incepto
1680 3126 1769 3190 pares
1792 3109 1854 3172 sint
1877 3145 1918 3154 —
1940 3110 2070 3175 dolove

196 3216 364 3300 Olympico,
387 3221 458 3282 ante
481 3219 568 3282 cuins
590 3218 697 3300 templi
725 3221 831 3300 portas
853 3219 1047 3285 declamabit.
1092 3222 1239 3305 Pr0ponit
1266 3220 1359 3302 igitur
1387 3218 1576 3282 auditoribus
1603 3217 1663 3282 duo
1685 3221 1877 3299 argumenta,
1900 3221 2070 3301 exquibus

195 3347 294 3392 unum
317 3328 440 3408 eligant
463 3329 510 3392 his
533 3329 632 3392 verbis
655 3328 685 3410 (ᾗ
708 3328 780 3412 tlt:

398 3438 538 3528 πότερον
561 3433 620 3509 οὖν
640 3434 733 3527 ἥδιον
754 3437 830 3525 ὑμῖν
851 3453 906 3507 καὶ
928 3441 1056 3526 μᾶλλον
1077 3443 1113 3510 ἐν
1135 3445 1239 3532 καιρῷ
1261 3450 1335 3528 περὶ
1356 3446 1421 3507 τοῖν
1444 3441 1511 3506 ἐκεῖ
1530 3438 1762 3528 διηγήσασθαι,
1785 3446 1899 3508 τοῦτο
1920 3447 2072 3527 ποταμοῦ

397 3547 434 3614 τά
456 3556 596 3632 μέγεθος
618 3550 751 3635 καὶτῆς
773 3542 878 3641 χώρας
898 3551 959 3638 τήν
984 3551 1079 3638 φύσιν
1102 3549 1120 3634 ἢ
1142 3548 1234 3640 ὦρῶν
1262 3548 1303 3630 οἷς
1331 3551 1437 3636 ἔχουσι
1465 3551 1603 3638 κράσεως
1629 3562 1685 3617 καῖ
1712 3551 1776 3618 τῶν
1807 3546 1994 3638 άνθριάπιον
2016 3553 2074 3622 τοῦ

398 3670 522 3740 γένους,
545 3659 594 3726 ἔτι
616 3660 653 3727 δὲ
675 3660 767 3745 οἶμαι
795 3667 855 3729 τοῦ
877 3653 1023 3748 πλήθους
1051 3674 1106 3729 καὶ
1132 3669 1186 3749 τῆς
1214 3666 1426 3750 παρασκευῆς,
1449 3659 1470 3748 ἢ
1491 3665 1617 3746 μᾶλλον
1646 3658 1814 3750 ἅψασθαι
1842 3668 1897 3750 τῆς
1935 3669 2072 3755 πρεσβυ-

398 3780 493 3858 τίρας
507 3796 542 3835 τε
556 3781 611 3836 καὶ
626 3771 767 3854 μείζονος
781 3777 921 3860 ἱστορίας
936 3783 1010 3860 περὶ
1025 3772 1120 3839 τοῦδε
1135 3771 1193 3839 τοῦ
1208 3777 1303 3848 θεοῦ,
1319 3767 1397 3859 παρ’
1412 3761 1438 3862 qi
1453 3778 1512 3840 νῦν
1526 3773 1637 3855 ἐσμεν,·
1650 3769 1717 3854 (22)
1730 3761 1821 3850 οὗτος
1836 3772 1899 3859 γάρ
1914 3774 1953 3862 δὴ
1968 3777 2071 3854 κοινάς

399 3872 590 3971 άνθράπιον
612 3891 667 3946 καλ
689 3886 779 3948 θεῶν
798 3881 951 3961 βασιλεύς
972 3908 1008 3948 τε
1029 3893 1082 3948 καλ
1106 3878 1217 3967 ἄρχων
1238 3892 1293 3948 καῖ
1316 3881 1474 3969 πρύτανις
1495 3892 1550 3948 καλ
1571 3880 1690 3968 πατήρ,
1722 3883 1771 3949 ἔτι
1794 3882 1830 3948 δὲ
1861 3874 1987 3972 εἰρήνης
2017 3898 2073 3951 καὶ

399 3991 541 4074 πολέμου
559 4003 689 4073 ταμίας,
711 3988 752 4068 οἷς
776 4009 840 4070 τοῖς
862 3989 1015 4081 πρότερον
1037 3995 1198 4081 ἐμπείροις
1224 4003 1279 4059 καλ
1314 4009 1421 4077 σοφοῖς
1451 4007 1602 4080 ποιηταῖς
1631 3993 1750 4074 ἔδοξεν,
1780 3992 1841 4059 ἐάν
1871 4019 1939 4071 ποις
1967 3996 2072 4062 ἱκανοὶ

397 4099 569 4184 μα’ώμιθα
592 4099 652 4186 τήν
678 4127 713 4166 τε
742 4099 834 4186 φύσιν
855 4100 956 4170 αὐτοῦ
985 4113 1040 4169 καῐ
1066 4103 1126 4190 τήν
1148 4101 1291 4188 δύναμιν
1318 4101 1462 4191 ὑμνῆσαι
1492 4100 1574 4194 λόγῳ
1595 4106 1716 4191 βραχιι·
1735 4113 1790 4169 καὶ
1820 4100 1996 4172 άποδίοντι
2016 4104 2073 4192 τῆς

400 4203 503 4287 α’ξίας,
527 4205 614 4278 αὐτά
636 4237 701 4278 που
722 4212 829 4280 ταῦτα
851 4214 1005 4295 λέγοντες.
1553 4215 1557 4222 ’

196 4317 300 4379 omnia
321 4333 397 4380 sana
419 4321 493 4380 sunt
515 4319 647 4400 exceptis
669 4321 768 4384 verbis
796 4322 949 4396 extremis,
972 4339 1051 4403 quae
1080 4340 1141 4385 non
1164 4321 1254 4386 modo
1280 4321 1392 4386 misere
1414 4323 1564 4404 languent
1596 4323 1651 4386 sed
1681 4323 1730 4386 rix
1758 4323 1896 4405 intellegi
1925 4327 2071 4407 possunt:

195 4425 320 4506 Quare
350 4427 610 4506 Herwernenusn
638 4449 737 4512 nuper
758 4431 834 4494 haec
862 4432 908 4494 ita
928 4431 1118 4496 conformare
1140 4431 1259 4496 studuit
1281 4432 1369 4502 αὐτά
1396 4461 1461 4502 που
1483 4430 1710 4515 τάναγιιαιοι
1732 4438 1887 4516 λέγοντες.
1932 4433 2074 4497 Difficul-

195 4541 294 4601 tatem
315 4537 457 4618 equidem
480 4540 540 4602 alia
560 4541 610 4604 via
631 4541 725 4604 velim
746 4559 912 4618 removere,
932 4542 964 4605 in
987 4561 1082 4624 qnam
1107 4563 1157 4608 me
1172 4543 1291 4606 induxit
1316 4543 1398 4625 quod
1423 4543 1483 4608 vidi
1509 4563 1657 4608 conexum
1682 4543 1906 4606 sententiarum
1921 4545 2015 4607 etiam
2039 4544 2072 4607 in

195 4649 396 4729 sequentibus
420 4650 609 4729 gravioribus
630 4651 768 4715 laborare
790 4651 1034 4718 difficultatibus.
1078 4653 1178 4736 Legas
1201 4654 1284 4718 enim
1303 4654 1520 4735 insequentem
1543 4653 1771 4738 paragraphum
1794 4653 1883 4737 (23):

398 4751 452 4845 ἆρ’
480 4751 539 4828 οὖν
566 4761 652 4827 κατὰ
674 4758 819 4830 Ἡσίοδον
847 4759 952 4853 ἄνδρα
976 4762 1110 4847 α’γαθὸν
1131 4775 1187 4832 καῖ
1214 4766 1365 4846 Μούσαις
1394 4770 1490 4851 φίλον
1509 4763 1662 4849 α’ρκτίον,
1700 4763 1742 4844 οἷς
1765 4765 1883 4844 ἐκεῖνος
1905 4763 1995 4850 μάλα
2018 4769 2071 4851 ἐμ-

399 4869 520 4958 φρόνως
539 4868 596 4938 onix
618 4870 717 4950 αι’»τάς
737 4864 912 4960 ἐτόλμησεν
931 4872 1103 4964 ἄρξασθαι
1121 4880 1200 4962 παρ’
1216 4874 1321 4944 αὐτοῦ
1336 4877 1536 4964 διανοηθείς,
1553 4874 1639 4942 α’λλά
1657 4877 1717 4954 τοὶς
1732 4876 1871 4955 Μούσας
1886 4880 2077 4966 παρακαλεῖ

317 5019 334 5023 -
349 5067 371 5130 ¹)
389 5080 425 5119 or.
442 5064 496 5130 LX,
514 5065 530 5118 9
556 5065 586 5119 οί.
605 5064 716 5135 Emperii
734 5065 795 5122 Obs.
814 5084 838 5137 p.
856 5065 897 5120 48.

347 5152 369 5216 ²)
387 5150 417 5203 ci.
436 5149 544 5204 Hermas
562 5149 619 5216 Vll,
633 5151 674 5205 76.
