<?xml version="1.0" encoding="UTF-8"?>
<!DOCTYPE html PUBLIC "-//W3C//DTD XHTML 1.0 Transitional//EN"
    "http://www.w3.org/TR/xhtml1/DTD/xhtml1-transitional.dtd">
<html xmlns="http://www.w3.org/1999/xhtml" xml:lang="en" lang="en">
 <head>
  <title>
</title>
<meta http-equiv="Content-Type" content="text/html;charset=utf-8" />
  <meta name='ocr-system' content='tesseract 3.04.00' />
  <meta name='ocr-capabilities' content='ocr_page ocr_carea ocr_par ocr_line ocrx_word'/>
</head>
<body>
  <div class='ocr_page' id='page_1' title='image "./dedionechrysost00brungoog_0014.png"; bbox 0 0 4844 6104; ppageno 0'>
   <div class='ocr_carea' id='block_1_1' title="bbox 1096 523 1114 584">
    <p class='ocr_par' dir='ltr' id='par_1_1' title="bbox 1096 523 1114 584">
     <span class='ocr_line' id='line_1_1' title="bbox 1096 523 1114 584; baseline 0 0"><span class='ocrx_word' id='word_1_1' title='bbox 1096 523 1114 584; x_wconf 89' lang='lat'><strong>5</strong></span> 
     </span>
    </p>
   </div>
   <div class='ocr_carea' id='block_1_2' title="bbox 162 725 2047 2798">
    <p class='ocr_par' dir='ltr' id='par_1_2' title="bbox 162 725 2047 1232">
     <span class='ocr_line' id='line_1_2' title="bbox 162 725 2042 808; baseline 0 -18"><span class='ocrx_word' id='word_1_2' title='bbox 162 729 222 790; x_wconf 81' lang='lat' dir='ltr'><strong>tire</strong></span> <span class='ocrx_word' id='word_1_3' title='bbox 244 728 360 794; x_wconf 90' lang='lat' dir='ltr'><strong>dicunt.</strong></span> <span class='ocrx_word' id='word_1_4' title='bbox 403 727 499 808; x_wconf 82' lang='lat' dir='ltr'><strong>Atqui</strong></span> <span class='ocrx_word' id='word_1_5' title='bbox 514 726 653 806; x_wconf 90' lang='lat' dir='ltr'><strong>sequitur</strong></span> <span class='ocrx_word' id='word_1_6' title='bbox 667 726 725 788; x_wconf 92' lang='lat' dir='ltr'><strong>hoc</strong></span> <span class='ocrx_word' id='word_1_7' title='bbox 740 725 805 807; x_wconf 86' lang='lat' dir='ltr'><strong>ipso</strong></span> <span class='ocrx_word' id='word_1_8' title='bbox 825 725 984 788; x_wconf 89' lang='lat' dir='ltr'><strong>enuntiato</strong></span> <span class='ocrx_word' id='word_1_9' title='bbox 999 726 1152 790; x_wconf 90' lang='lat' dir='ltr'><strong>distinctio</strong></span> <span class='ocrx_word' id='word_1_10' title='bbox 1167 726 1248 790; x_wconf 88' lang='lat' dir='ltr'><strong>inter</strong></span> <span class='ocrx_word' id='word_1_11' title='bbox 1269 744 1306 787; x_wconf 94' lang='lat' dir='ltr'><strong>ea</strong></span> <span class='ocrx_word' id='word_1_12' title='bbox 1320 725 1430 802; x_wconf 81' lang='lat' dir='ltr'><strong>sidera</strong></span> <span class='ocrx_word' id='word_1_13' title='bbox 1446 743 1524 806; x_wconf 89' lang='lat' dir='ltr'><strong>qnae</strong></span> <span class='ocrx_word' id='word_1_14' title='bbox 1540 745 1611 789; x_wconf 91' lang='lat' dir='ltr'><strong>cum</strong></span> <span class='ocrx_word' id='word_1_15' title='bbox 1627 726 1699 790; x_wconf 91' lang='lat' dir='ltr'><strong>orbe</strong></span> <span class='ocrx_word' id='word_1_16' title='bbox 1715 727 1850 790; x_wconf 89' lang='lat' dir='ltr'><strong>aetherio</strong></span> <span class='ocrx_word' id='word_1_17' title='bbox 1869 731 2042 807; x_wconf 86' lang='lat' dir='ltr'><strong>moventur,</strong></span> 
     </span>
     <span class='ocr_line' id='line_1_3' title="bbox 163 833 2045 922; baseline 0 -20"><span class='ocrx_word' id='word_1_18' title='bbox 163 857 260 920; x_wconf 90' lang='lat' dir='ltr'><strong>eaque</strong></span> <span class='ocrx_word' id='word_1_19' title='bbox 284 857 362 919; x_wconf 90' lang='lat' dir='ltr'><strong>quae</strong></span> <span class='ocrx_word' id='word_1_20' title='bbox 384 837 505 920; x_wconf 92' lang='lat' dir='ltr'><strong>proprio</strong></span> <span class='ocrx_word' id='word_1_21' title='bbox 526 839 614 900; x_wconf 90' lang='lat' dir='ltr'><strong>motu</strong></span> <span class='ocrx_word' id='word_1_22' title='bbox 635 835 787 900; x_wconf 85' lang='lat' dir='ltr'><strong>feruutur.</strong></span> <span class='ocrx_word' id='word_1_23' title='bbox 837 835 938 915; x_wconf 80' lang='lat' dir='ltr'>Igitur</span> <span class='ocrx_word' id='word_1_24' title='bbox 958 855 1020 898; x_wconf 86' lang='lat' dir='ltr'><strong>non</strong></span> <span class='ocrx_word' id='word_1_25' title='bbox 1042 836 1155 898; x_wconf 78' lang='lat' dir='ltr'>transit</span> <span class='ocrx_word' id='word_1_26' title='bbox 1176 837 1305 918; x_wconf 80' lang='lat' dir='ltr'><strong>scriptor</strong></span> <span class='ocrx_word' id='word_1_27' title='bbox 1319 836 1367 899; x_wconf 89' lang='lat' dir='ltr'><strong>his</strong></span> <span class='ocrx_word' id='word_1_28' title='bbox 1381 837 1481 900; x_wconf 85' lang='lat' dir='ltr'><strong>verbis</strong></span> <span class='ocrx_word' id='word_1_29' title='bbox 1497 836 1537 900; x_wconf 93' lang='lat' dir='ltr'><strong>ad</strong></span> <span class='ocrx_word' id='word_1_30' title='bbox 1557 838 1599 903; x_wconf 77' lang='grc' dir='ltr'><strong>τοὶ</strong></span> <span class='ocrx_word' id='word_1_31' title='bbox 1617 833 1764 922; x_wconf 79' lang='grc' dir='ltr'><strong><em>α’πλανῆ,</em></strong></span> <span class='ocrx_word' id='word_1_32' title='bbox 1780 837 1834 900; x_wconf 87' lang='lat' dir='ltr'><strong>sed</strong></span> <span class='ocrx_word' id='word_1_33' title='bbox 1849 837 1886 901; x_wconf 92' lang='lat' dir='ltr'><strong>de</strong></span> <span class='ocrx_word' id='word_1_34' title='bbox 1901 839 2045 902; x_wconf 89' lang='lat' dir='ltr'><strong>omnibus</strong></span> 
     </span>
     <span class='ocr_line' id='line_1_4' title="bbox 163 944 2047 1030; baseline 0.001 -20"><span class='ocrx_word' id='word_1_35' title='bbox 163 949 260 1012; x_wconf 86' lang='lat' dir='ltr'><strong>stellis</strong></span> <span class='ocrx_word' id='word_1_36' title='bbox 276 948 422 1030; x_wconf 85' lang='lat' dir='ltr'><strong>disputat.</strong></span> <span class='ocrx_word' id='word_1_37' title='bbox 462 947 555 1010; x_wconf 84' lang='lat' dir='ltr'><strong>Vides</strong></span> <span class='ocrx_word' id='word_1_38' title='bbox 572 949 678 1011; x_wconf 88' lang='lat' dir='ltr'><strong>autem</strong></span> <span class='ocrx_word' id='word_1_39' title='bbox 692 947 724 1008; x_wconf 92' lang='lat' dir='ltr'><strong>in</strong></span> <span class='ocrx_word' id='word_1_40' title='bbox 740 945 895 1010; x_wconf 88' lang='lat' dir='ltr'><strong>sententia</strong></span> <span class='ocrx_word' id='word_1_41' title='bbox 907 944 961 1006; x_wconf 91' lang='lat' dir='ltr'><strong>illa</strong></span> <span class='ocrx_word' id='word_1_42' title='bbox 975 947 1063 1012; x_wconf 82' lang='grc' dir='ltr'><strong><em>ίόίαν</em></strong></span> <span class='ocrx_word' id='word_1_43' title='bbox 1084 949 1148 1012; x_wconf 82' lang='grc' dir='ltr'><strong><em>κτλ.</em></strong></span> <span class='ocrx_word' id='word_1_44' title='bbox 1172 964 1233 1010; x_wconf 93' lang='lat' dir='ltr'><strong>non</strong></span> <span class='ocrx_word' id='word_1_45' title='bbox 1256 945 1292 1008; x_wconf 92' lang='lat' dir='ltr'><strong>de</strong></span> <span class='ocrx_word' id='word_1_46' title='bbox 1316 948 1443 1028; x_wconf 82' lang='lat' dir='ltr'>septem,</span> <span class='ocrx_word' id='word_1_47' title='bbox 1467 946 1519 1011; x_wconf 88' lang='lat' dir='ltr'><strong>sed</strong></span> <span class='ocrx_word' id='word_1_48' title='bbox 1548 947 1585 1010; x_wconf 93' lang='lat' dir='ltr'><strong>de</strong></span> <span class='ocrx_word' id='word_1_49' title='bbox 1612 947 1744 1011; x_wconf 88' lang='lat' dir='ltr'><strong>duarum</strong></span> <span class='ocrx_word' id='word_1_50' title='bbox 1766 948 1937 1012; x_wconf 83' lang='lat' dir='ltr'><strong>errantium</strong></span> <span class='ocrx_word' id='word_1_51' title='bbox 1958 952 2047 1012; x_wconf 90' lang='lat' dir='ltr'><strong>motu</strong></span> 
     </span>
     <span class='ocr_line' id='line_1_5' title="bbox 163 1053 2045 1146; baseline 0 -24"><span class='ocrx_word' id='word_1_52' title='bbox 163 1060 222 1139; x_wconf 89' lang='lat' dir='ltr'><strong>agi.</strong></span> <span class='ocrx_word' id='word_1_53' title='bbox 266 1057 368 1136; x_wconf 80' lang='lat' dir='ltr'>Quare</span> <span class='ocrx_word' id='word_1_54' title='bbox 397 1057 468 1120; x_wconf 88' lang='lat' dir='ltr'><strong>inde</strong></span> <span class='ocrx_word' id='word_1_55' title='bbox 491 1076 509 1120; x_wconf 91' lang='lat' dir='ltr'><strong>a</strong></span> <span class='ocrx_word' id='word_1_56' title='bbox 536 1057 637 1120; x_wconf 82' lang='lat' dir='ltr'><strong>verbis</strong></span> <span class='ocrx_word' id='word_1_57' title='bbox 669 1054 778 1146; x_wconf 71' lang='grc' dir='ltr'><strong><em>οἵσπερ</em></strong></span> <span class='ocrx_word' id='word_1_58' title='bbox 811 1055 904 1138; x_wconf 79' lang='grc' dir='ltr'><strong><em>οἶμαι</em></strong></span> <span class='ocrx_word' id='word_1_59' title='bbox 937 1073 1036 1135; x_wconf 87' lang='lat' dir='ltr'><strong>usque</strong></span> <span class='ocrx_word' id='word_1_60' title='bbox 1073 1056 1112 1118; x_wconf 92' lang='lat' dir='ltr'><strong>ad</strong></span> <span class='ocrx_word' id='word_1_61' title='bbox 1149 1053 1296 1144; x_wconf 81' lang='grc' dir='ltr'><strong><em>ίσχνροδς</em></strong></span> <span class='ocrx_word' id='word_1_62' title='bbox 1331 1059 1532 1138; x_wconf 73' lang='grc' dir='ltr'><strong><em>διαθέοντας</em></strong></span> <span class='ocrx_word' id='word_1_63' title='bbox 1567 1057 1671 1122; x_wconf 88' lang='lat' dir='ltr'><strong>omnia</strong></span> <span class='ocrx_word' id='word_1_64' title='bbox 1704 1057 1922 1140; x_wconf 86' lang='lat' dir='ltr'><strong>parentheseos</strong></span> <span class='ocrx_word' id='word_1_65' title='bbox 1956 1059 2045 1122; x_wconf 89' lang='lat' dir='ltr'><strong>uncis</strong></span> 
     </span>
     <span class='ocr_line' id='line_1_6' title="bbox 162 1168 461 1232; baseline -0.01 0"><span class='ocrx_word' id='word_1_66' title='bbox 162 1168 461 1232; x_wconf 76' lang='lat' dir='ltr'><strong>circumscribamus.</strong></span> 
     </span>
    </p>

    <p class='ocr_par' dir='ltr' id='par_1_3' title="bbox 164 1274 2045 1798">
     <span class='ocr_line' id='line_1_7' title="bbox 315 1274 2044 1360; baseline 0.001 -20"><span class='ocrx_word' id='word_1_67' title='bbox 315 1278 362 1340; x_wconf 87' lang='lat' dir='ltr'><strong>De</strong></span> <span class='ocrx_word' id='word_1_68' title='bbox 385 1278 463 1340; x_wconf 87' lang='lat' dir='ltr'><strong>aeris</strong></span> <span class='ocrx_word' id='word_1_69' title='bbox 484 1294 583 1356; x_wconf 89' lang='lat' dir='ltr'><strong>aquae</strong></span> <span class='ocrx_word' id='word_1_70' title='bbox 600 1278 700 1339; x_wconf 90' lang='lat' dir='ltr'><strong>terrae</strong></span> <span class='ocrx_word' id='word_1_71' title='bbox 715 1274 918 1356; x_wconf 87' lang='lat' dir='ltr'><strong>descriptione</strong></span> <span class='ocrx_word' id='word_1_72' title='bbox 934 1275 1035 1338; x_wconf 89' lang='lat' dir='ltr'><strong>brevis</strong></span> <span class='ocrx_word' id='word_1_73' title='bbox 1051 1294 1102 1338; x_wconf 90' lang='lat' dir='ltr'><strong>ero</strong></span> <span class='ocrx_word' id='word_1_74' title='bbox 1118 1275 1230 1358; x_wconf 90' lang='lat' dir='ltr'><strong>quippe</strong></span> <span class='ocrx_word' id='word_1_75' title='bbox 1246 1295 1324 1358; x_wconf 89' lang='lat' dir='ltr'><strong>quae</strong></span> <span class='ocrx_word' id='word_1_76' title='bbox 1340 1278 1389 1340; x_wconf 79' lang='lat' dir='ltr'><strong>vix</strong></span> <span class='ocrx_word' id='word_1_77' title='bbox 1402 1279 1493 1358; x_wconf 80' lang='lat' dir='ltr'><strong>egeat</strong></span> <span class='ocrx_word' id='word_1_78' title='bbox 1506 1278 1769 1360; x_wconf 86' lang='lat' dir='ltr'><strong>interpretatione.</strong></span> <span class='ocrx_word' id='word_1_79' title='bbox 1804 1283 1916 1344; x_wconf 80' lang='lat' dir='ltr'><strong>Aerem</strong></span> <span class='ocrx_word' id='word_1_80' title='bbox 1930 1282 2044 1343; x_wconf 90' lang='lat' dir='ltr'><strong>natura</strong></span> 
     </span>
     <span class='ocr_line' id='line_1_8' title="bbox 164 1384 2045 1467; baseline -0.001 -15"><span class='ocrx_word' id='word_1_81' title='bbox 164 1389 329 1452; x_wconf 92' lang='lat' dir='ltr'><strong>obscurum</strong></span> <span class='ocrx_word' id='word_1_82' title='bbox 352 1406 418 1450; x_wconf 85' lang='lat' dir='ltr'><strong>esse</strong></span> <span class='ocrx_word' id='word_1_83' title='bbox 440 1391 472 1450; x_wconf 90' lang='lat' dir='ltr'><strong>et</strong></span> <span class='ocrx_word' id='word_1_84' title='bbox 500 1387 562 1450; x_wconf 89' lang='lat' dir='ltr'><strong>sole</strong></span> <span class='ocrx_word' id='word_1_85' title='bbox 586 1389 707 1448; x_wconf 87' lang='lat' dir='ltr'><strong>tantum</strong></span> <span class='ocrx_word' id='word_1_86' title='bbox 735 1385 883 1448; x_wconf 87' lang='lat' dir='ltr'><strong>illustrari</strong></span> <span class='ocrx_word' id='word_1_87' title='bbox 914 1385 1084 1450; x_wconf 89' lang='lat' dir='ltr'><strong>secundum</strong></span> <span class='ocrx_word' id='word_1_88' title='bbox 1108 1384 1224 1450; x_wconf 85' lang='lat' dir='ltr'><strong>Stoicos</strong></span> <span class='ocrx_word' id='word_1_89' title='bbox 1246 1387 1469 1454; x_wconf 78' lang='lat' dir='ltr'><strong>Plutarchus¹i</strong></span> <span class='ocrx_word' id='word_1_90' title='bbox 1496 1387 1600 1452; x_wconf 90' lang='lat' dir='ltr'><strong>tradit.</strong></span> <span class='ocrx_word' id='word_1_91' title='bbox 1645 1387 1748 1467; x_wconf 82' lang='lat' dir='ltr'><strong>Quare</strong></span> <span class='ocrx_word' id='word_1_92' title='bbox 1770 1389 1927 1452; x_wconf 87' lang='lat' dir='ltr'><strong>Heraclito</strong></span> <span class='ocrx_word' id='word_1_93' title='bbox 1954 1409 1978 1454; x_wconf 89' lang='lat' dir='ltr'><strong>c.</strong></span> <span class='ocrx_word' id='word_1_94' title='bbox 2004 1391 2045 1451; x_wconf 83' lang='lat'><strong>24</strong></span> 
     </span>
     <span class='ocr_line' id='line_1_9' title="bbox 165 1493 2045 1585; baseline 0.002 -25"><span class='ocrx_word' id='word_1_95' title='bbox 165 1499 297 1578; x_wconf 83' lang='lat' dir='ltr'><strong>Ailegor.</strong></span> <span class='ocrx_word' id='word_1_96' title='bbox 314 1497 439 1562; x_wconf 86' lang='lat' dir='ltr'><strong>Homer.</strong></span> <span class='ocrx_word' id='word_1_97' title='bbox 463 1495 568 1560; x_wconf 87' lang='lat' dir='ltr'><strong>Hades</strong></span> <span class='ocrx_word' id='word_1_98' title='bbox 590 1499 638 1559; x_wconf 89' lang='lat' dir='ltr'><strong>est</strong></span> <span class='ocrx_word' id='word_1_99' title='bbox 661 1493 835 1576; x_wconf 65' lang='grc' dir='ltr'><strong><em>(Ἀιδωνέα</em></strong></span> <span class='ocrx_word' id='word_1_100' title='bbox 851 1498 887 1562; x_wconf 79' lang='grc' dir='ltr'><strong>δὲ</strong></span> <span class='ocrx_word' id='word_1_101' title='bbox 900 1497 960 1562; x_wconf 77' lang='grc' dir='ltr'><strong>τόν</strong></span> <span class='ocrx_word' id='word_1_102' title='bbox 975 1495 1082 1585; x_wconf 78' lang='grc' dir='ltr'><strong><em>α’ίρα).</em></strong></span> <span class='ocrx_word' id='word_1_103' title='bbox 1121 1495 1230 1577; x_wconf 87' lang='lat' dir='ltr'><strong>Neque</strong></span> <span class='ocrx_word' id='word_1_104' title='bbox 1245 1516 1317 1561; x_wconf 88' lang='lat' dir='ltr'><strong>vero</strong></span> <span class='ocrx_word' id='word_1_105' title='bbox 1340 1499 1397 1561; x_wconf 88' lang='lat' dir='ltr'><strong>sibi</strong></span> <span class='ocrx_word' id='word_1_106' title='bbox 1418 1501 1540 1562; x_wconf 90' lang='lat' dir='ltr'><strong>constat</strong></span> <span class='ocrx_word' id='word_1_107' title='bbox 1560 1498 1623 1576; x_wconf 91' lang='lat' dir='ltr'><strong>ille,</strong></span> <span class='ocrx_word' id='word_1_108' title='bbox 1646 1518 1717 1562; x_wconf 93' lang='lat' dir='ltr'><strong>cum</strong></span> <span class='ocrx_word' id='word_1_109' title='bbox 1740 1518 1811 1563; x_wconf 84' lang='lat' dir='ltr'><strong>mor</strong></span> <span class='ocrx_word' id='word_1_110' title='bbox 1832 1499 1898 1582; x_wconf 91' lang='lat' dir='ltr'><strong>ipse</strong></span> <span class='ocrx_word' id='word_1_111' title='bbox 1921 1518 2045 1580; x_wconf 89' lang='lat' dir='ltr'><strong>quoque</strong></span> 
     </span>
     <span class='ocr_line' id='line_1_10' title="bbox 164 1605 2045 1692; baseline 0.002 -22"><span class='ocrx_word' id='word_1_112' title='bbox 164 1608 316 1670; x_wconf 90' lang='lat' dir='ltr'><strong>Iunonem</strong></span> <span class='ocrx_word' id='word_1_113' title='bbox 331 1625 403 1671; x_wconf 90' lang='lat' dir='ltr'><strong>aera</strong></span> <span class='ocrx_word' id='word_1_114' title='bbox 418 1609 505 1670; x_wconf 81' lang='lat' dir='ltr'><strong>vocet</strong></span> <span class='ocrx_word' id='word_1_115' title='bbox 520 1605 558 1688; x_wconf 86' lang='lat' dir='ltr'><strong>(c.</strong></span> <span class='ocrx_word' id='word_1_116' title='bbox 576 1605 630 1688; x_wconf 80' lang='lat'><strong>25)</strong></span> <span class='ocrx_word' id='word_1_117' title='bbox 652 1606 847 1669; x_wconf 89' lang='lat' dir='ltr'><strong>consentiens</strong></span> <span class='ocrx_word' id='word_1_118' title='bbox 870 1625 940 1670; x_wconf 92' lang='lat' dir='ltr'><strong>cum</strong></span> <span class='ocrx_word' id='word_1_119' title='bbox 962 1607 1060 1670; x_wconf 93' lang='lat' dir='ltr'><strong>Dione</strong></span> <span class='ocrx_word' id='word_1_120' title='bbox 1083 1608 1169 1670; x_wconf 91' lang='lat' dir='ltr'><strong>cuius</strong></span> <span class='ocrx_word' id='word_1_121' title='bbox 1192 1608 1270 1670; x_wconf 88' lang='lat' dir='ltr'><strong>alter</strong></span> <span class='ocrx_word' id='word_1_122' title='bbox 1292 1626 1400 1688; x_wconf 92' lang='lat' dir='ltr'><strong>equus,</strong></span> <span class='ocrx_word' id='word_1_123' title='bbox 1424 1609 1472 1670; x_wconf 92' lang='lat' dir='ltr'><strong>cui</strong></span> <span class='ocrx_word' id='word_1_124' title='bbox 1493 1608 1605 1672; x_wconf 91' lang='lat' dir='ltr'><strong>Iunoni</strong></span> <span class='ocrx_word' id='word_1_125' title='bbox 1626 1627 1738 1673; x_wconf 93' lang='lat' dir='ltr'><strong>nomen</strong></span> <span class='ocrx_word' id='word_1_126' title='bbox 1767 1611 1822 1686; x_wconf 90' lang='lat' dir='ltr'><strong>est,</strong></span> <span class='ocrx_word' id='word_1_127' title='bbox 1846 1610 1925 1692; x_wconf 86' lang='lat' dir='ltr'><strong>pelle</strong></span> <span class='ocrx_word' id='word_1_128' title='bbox 1955 1611 2045 1691; x_wconf 87' lang='lat' dir='ltr'><strong>nigra</strong></span> 
     </span>
     <span class='ocr_line' id='line_1_11' title="bbox 164 1718 507 1798; baseline -0.006 -18"><span class='ocrx_word' id='word_1_129' title='bbox 164 1720 292 1781; x_wconf 86' lang='lat' dir='ltr'><strong>ornatus</strong></span> <span class='ocrx_word' id='word_1_130' title='bbox 315 1721 362 1781; x_wconf 85' lang='lat' dir='ltr'><strong>est</strong></span> <span class='ocrx_word' id='word_1_131' title='bbox 384 1718 416 1798; x_wconf 66' lang='grc' dir='ltr'><strong>(ξ</strong></span> <span class='ocrx_word' id='word_1_132' title='bbox 439 1719 507 1798; x_wconf 75' lang='lat' dir='ltr'><strong>iq:</strong></span> 
     </span>
    </p>

    <p class='ocr_par' dir='ltr' id='par_1_4' title="bbox 164 1817 2045 2798">
     <span class='ocr_line' id='line_1_12' title="bbox 368 1817 2045 1919; baseline 0.004 -26"><span class='ocrx_word' id='word_1_133' title='bbox 368 1820 514 1918; x_wconf 80' lang='grc' dir='ltr'><strong><em>δεύτερος</em></strong></span> <span class='ocrx_word' id='word_1_134' title='bbox 534 1829 570 1893; x_wconf 79' lang='grc' dir='ltr'><strong>δὲ</strong></span> <span class='ocrx_word' id='word_1_135' title='bbox 599 1826 668 1911; x_wconf 83' lang='grc' dir='ltr'><strong><em>μετ’</em></strong></span> <span class='ocrx_word' id='word_1_136' title='bbox 692 1829 815 1893; x_wconf 72' lang='grc' dir='ltr'><strong><em>ἐκεῖνον</em></strong></span> <span class='ocrx_word' id='word_1_137' title='bbox 842 1817 1025 1910; x_wconf 77' lang='grc' dir='ltr'><strong><em>ἆπτόμενος</em></strong></span> <span class='ocrx_word' id='word_1_138' title='bbox 1056 1826 1162 1896; x_wconf 71' lang='grc' dir='ltr'><strong><em>αὐτοῦ</em></strong></span> <span class='ocrx_word' id='word_1_139' title='bbox 1187 1841 1242 1895; x_wconf 85' lang='grc' dir='ltr'><strong>καὶ</strong></span> <span class='ocrx_word' id='word_1_140' title='bbox 1270 1822 1493 1914; x_wconf 74' lang='grc' dir='ltr'><strong><em>πλησιώτατος</em></strong></span> <span class='ocrx_word' id='word_1_141' title='bbox 1510 1828 1616 1918; x_wconf 84' lang='grc' dir='ltr'><strong><em>Ἥρας</em></strong></span> <span class='ocrx_word' id='word_1_142' title='bbox 1639 1822 1814 1916; x_wconf 72' lang='grc' dir='ltr'><strong><em>ἐπώνυμος,</em></strong></span> <span class='ocrx_word' id='word_1_143' title='bbox 1841 1824 1966 1919; x_wconf 74' lang='grc' dir='ltr'><strong><em>εὐήνιος</em></strong></span> <span class='ocrx_word' id='word_1_144' title='bbox 1988 1844 2045 1899; x_wconf 79' lang='grc' dir='ltr'><strong>καὶ</strong></span> 
     </span>
     <span class='ocr_line' id='line_1_13' title="bbox 367 1928 2043 2041; baseline 0.002 -37"><span class='ocrx_word' id='word_1_145' title='bbox 367 1928 520 2024; x_wconf 88' lang='grc' dir='ltr'><strong><em>μαλακός,</em></strong></span> <span class='ocrx_word' id='word_1_146' title='bbox 543 1938 626 2004; x_wconf 80' lang='grc' dir='ltr'><strong><em>πολύ</em></strong></span> <span class='ocrx_word' id='word_1_147' title='bbox 649 1939 684 2003; x_wconf 81' lang='grc' dir='ltr'><strong>δὲ</strong></span> <span class='ocrx_word' id='word_1_148' title='bbox 707 1929 801 2023; x_wconf 77' lang='grc' dir='ltr'><strong><em>ἧττον</em></strong></span> <span class='ocrx_word' id='word_1_149' title='bbox 823 1928 910 2002; x_wconf 78' lang='grc' dir='ltr'><strong><em>κατά</em></strong></span> <span class='ocrx_word' id='word_1_150' title='bbox 932 1963 967 2003; x_wconf 90' lang='grc' dir='ltr'><strong>τε</strong></span> <span class='ocrx_word' id='word_1_151' title='bbox 988 1929 1099 2024; x_wconf 81' lang='grc' dir='ltr'><strong><em>ῥύμην</em></strong></span> <span class='ocrx_word' id='word_1_152' title='bbox 1121 1950 1176 2004; x_wconf 79' lang='grc' dir='ltr'><strong>καὶ</strong></span> <span class='ocrx_word' id='word_1_153' title='bbox 1197 1929 1304 2023; x_wconf 82' lang='grc' dir='ltr'><strong><em>τόχος·</em></strong></span> <span class='ocrx_word' id='word_1_154' title='bbox 1329 1938 1445 2028; x_wconf 83' lang='grc' dir='ltr'><strong><em>χροιοίν</em></strong></span> <span class='ocrx_word' id='word_1_155' title='bbox 1469 1941 1504 2006; x_wconf 78' lang='grc' dir='ltr'><strong>δὲ</strong></span> <span class='ocrx_word' id='word_1_156' title='bbox 1525 1946 1563 2041; x_wconf 73' lang='grc' dir='ltr'><strong>τῇ</strong></span> <span class='ocrx_word' id='word_1_157' title='bbox 1588 1949 1648 2025; x_wconf 78' lang='grc' dir='ltr'><strong>μὲν</strong></span> <span class='ocrx_word' id='word_1_158' title='bbox 1675 1941 1779 2010; x_wconf 72' lang='grc' dir='ltr'><strong><em>αὐτοῦ</em></strong></span> <span class='ocrx_word' id='word_1_159' title='bbox 1809 1933 1904 2027; x_wconf 86' lang='grc' dir='ltr'><strong><em>φύσει</em></strong></span> <span class='ocrx_word' id='word_1_160' title='bbox 1931 1946 2043 2026; x_wconf 79' lang='grc' dir='ltr'><strong><em>μέλας,</em></strong></span> 
     </span>
     <span class='ocr_line' id='line_1_14' title="bbox 369 2039 2044 2147; baseline 0.003 -33"><span class='ocrx_word' id='word_1_161' title='bbox 369 2039 583 2132; x_wconf 70' lang='grc' dir='ltr'><strong><em>φαιδρύνεται</em></strong></span> <span class='ocrx_word' id='word_1_162' title='bbox 607 2048 641 2113; x_wconf 73' lang='grc' dir='ltr'><strong>δέ</strong></span> <span class='ocrx_word' id='word_1_163' title='bbox 665 2045 717 2112; x_wconf 69' lang='lat' dir='ltr'><strong>cici</strong></span> <span class='ocrx_word' id='word_1_164' title='bbox 740 2047 776 2110; x_wconf 86' lang='grc' dir='ltr'><strong>τό</strong></span> <span class='ocrx_word' id='word_1_165' title='bbox 799 2041 1099 2132; x_wconf 78' lang='grc' dir='ltr'><strong><em>καταλαμπόμενον</em></strong></span> <span class='ocrx_word' id='word_1_166' title='bbox 1120 2047 1224 2138; x_wconf 81' lang='grc' dir='ltr'><strong><em>Ἡλίῳ·</em></strong></span> <span class='ocrx_word' id='word_1_167' title='bbox 1247 2050 1284 2116; x_wconf 85' lang='grc' dir='ltr'><strong>τό</strong></span> <span class='ocrx_word' id='word_1_168' title='bbox 1308 2051 1522 2118; x_wconf 62' lang='lat' dir='ltr'><strong>deaurantes</strong></span> <span class='ocrx_word' id='word_1_169' title='bbox 1551 2051 1587 2117; x_wconf 74' lang='grc' dir='ltr'><strong>ἒν</strong></span> <span class='ocrx_word' id='word_1_170' title='bbox 1616 2056 1656 2147; x_wconf 74' lang='grc' dir='ltr'><strong>τῇ</strong></span> <span class='ocrx_word' id='word_1_171' title='bbox 1679 2057 1841 2142; x_wconf 77' lang='grc' dir='ltr'><strong><em>περιφορᾷ</em></strong></span> <span class='ocrx_word' id='word_1_172' title='bbox 1862 2052 1919 2129; x_wconf 72' lang='grc' dir='ltr'><strong>τόν</strong></span> <span class='ocrx_word' id='word_1_173' title='bbox 1941 2050 2044 2119; x_wconf 74' lang='grc' dir='ltr'><strong><em>αὑτοῦ</em></strong></span> 
     </span>
     <span class='ocr_line' id='line_1_15' title="bbox 368 2149 941 2244; baseline -0.009 -19"><span class='ocrx_word' id='word_1_174' title='bbox 368 2153 617 2243; x_wconf 73' lang='grc' dir='ltr'><strong><em>μεταλαμβάνοι</em></strong></span> <span class='ocrx_word' id='word_1_175' title='bbox 640 2157 695 2244; x_wconf 81' lang='grc' dir='ltr'><strong>τῆς</strong></span> <span class='ocrx_word' id='word_1_176' title='bbox 718 2149 816 2243; x_wconf 88' lang='grc' dir='ltr'><strong><em>χρόας</em></strong></span> <span class='ocrx_word' id='word_1_177' title='bbox 838 2159 941 2223; x_wconf 92' lang='grc' dir='ltr'><strong><em>ἰδέαν.</em></strong></span> 
     </span>
     <span class='ocr_line' id='line_1_16' title="bbox 164 2266 2042 2352; baseline 0.001 -20"><span class='ocrx_word' id='word_1_178' title='bbox 164 2268 261 2332; x_wconf 80' lang='lat' dir='ltr'><strong>facilis</strong></span> <span class='ocrx_word' id='word_1_179' title='bbox 278 2271 326 2331; x_wconf 90' lang='lat' dir='ltr'><strong>est</strong></span> <span class='ocrx_word' id='word_1_180' title='bbox 347 2268 457 2332; x_wconf 89' lang='lat' dir='ltr'><strong>rectori</strong></span> <span class='ocrx_word' id='word_1_181' title='bbox 479 2270 571 2347; x_wconf 91' lang='lat' dir='ltr'><strong>atque</strong></span> <span class='ocrx_word' id='word_1_182' title='bbox 593 2267 695 2330; x_wconf 91' lang='lat' dir='ltr'><strong>mollis</strong></span> <span class='ocrx_word' id='word_1_183' title='bbox 714 2267 764 2330; x_wconf 95' lang='lat' dir='ltr'><strong>hic</strong></span> <span class='ocrx_word' id='word_1_184' title='bbox 780 2284 888 2346; x_wconf 90' lang='lat' dir='ltr'><strong>equus,</strong></span> <span class='ocrx_word' id='word_1_185' title='bbox 905 2266 977 2346; x_wconf 88' lang='lat' dir='ltr'><strong>quia</strong></span> <span class='ocrx_word' id='word_1_186' title='bbox 991 2285 1163 2347; x_wconf 90' lang='lat' dir='ltr'><strong>nunquam,</strong></span> <span class='ocrx_word' id='word_1_187' title='bbox 1180 2271 1215 2330; x_wconf 92' lang='lat' dir='ltr'><strong>ut</strong></span> <span class='ocrx_word' id='word_1_188' title='bbox 1229 2268 1348 2349; x_wconf 89' lang='lat' dir='ltr'><strong>primus</strong></span> <span class='ocrx_word' id='word_1_189' title='bbox 1363 2269 1535 2350; x_wconf 89' lang='lat' dir='ltr'><strong>tertiusque</strong></span> <span class='ocrx_word' id='word_1_190' title='bbox 1550 2272 1657 2333; x_wconf 92' lang='lat' dir='ltr'><strong>contra</strong></span> <span class='ocrx_word' id='word_1_191' title='bbox 1672 2271 1911 2351; x_wconf 83' lang='lat' dir='ltr'><strong>gubernatorem</strong></span> <span class='ocrx_word' id='word_1_192' title='bbox 1933 2271 2042 2352; x_wconf 88' lang='lat' dir='ltr'><strong>surgit.</strong></span> 
     </span>
     <span class='ocr_line' id='line_1_17' title="bbox 166 2376 1357 2462; baseline -0.001 -20"><span class='ocrx_word' id='word_1_193' title='bbox 166 2379 313 2459; x_wconf 87' lang='lat' dir='ltr'><strong>Sequitur</strong></span> <span class='ocrx_word' id='word_1_194' title='bbox 336 2397 426 2459; x_wconf 90' lang='lat' dir='ltr'><strong>aqua,</strong></span> <span class='ocrx_word' id='word_1_195' title='bbox 450 2379 536 2442; x_wconf 91' lang='lat' dir='ltr'><strong>cuins</strong></span> <span class='ocrx_word' id='word_1_196' title='bbox 559 2377 641 2460; x_wconf 90' lang='lat' dir='ltr'><strong>apud</strong></span> <span class='ocrx_word' id='word_1_197' title='bbox 663 2396 769 2440; x_wconf 89' lang='lat' dir='ltr'><strong>omnes</strong></span> <span class='ocrx_word' id='word_1_198' title='bbox 792 2376 929 2458; x_wconf 90' lang='lat' dir='ltr'><strong>Neptuni</strong></span> <span class='ocrx_word' id='word_1_199' title='bbox 950 2395 1065 2440; x_wconf 89' lang='lat' dir='ltr'><strong>nomen</strong></span> <span class='ocrx_word' id='word_1_200' title='bbox 1088 2380 1208 2441; x_wconf 91' lang='lat' dir='ltr'><strong>constat</strong></span> <span class='ocrx_word' id='word_1_201' title='bbox 1229 2379 1262 2461; x_wconf 59' lang='grc' dir='ltr'><strong>(ᾗ</strong></span> <span class='ocrx_word' id='word_1_202' title='bbox 1285 2378 1357 2462; x_wconf 83' lang='grc'>46);</span> 
     </span>
     <span class='ocr_line' id='line_1_18' title="bbox 369 2475 1273 2576; baseline 0 -22"><span class='ocrx_word' id='word_1_203' title='bbox 369 2503 472 2575; x_wconf 78' lang='grc' dir='ltr'><strong><em>τρίτος</em></strong></span> <span class='ocrx_word' id='word_1_204' title='bbox 493 2490 694 2566; x_wconf 81' lang='grc' dir='ltr'><strong><em>Ποσειδοῖνος</em></strong></span> <span class='ocrx_word' id='word_1_205' title='bbox 716 2478 805 2573; x_wconf 70' lang='grc' dir='ltr'><strong><em>ἱερός,</em></strong></span> <span class='ocrx_word' id='word_1_206' title='bbox 827 2493 884 2554; x_wconf 84' lang='grc' dir='ltr'><strong>τοῦ</strong></span> <span class='ocrx_word' id='word_1_207' title='bbox 906 2488 1055 2576; x_wconf 80' lang='grc' dir='ltr'><strong><em>δευτέρου</em></strong></span> <span class='ocrx_word' id='word_1_208' title='bbox 1076 2475 1273 2576; x_wconf 74' lang='grc' dir='ltr'><strong><em>βραδύτερος</em></strong></span> 
     </span>
     <span class='ocr_line' id='line_1_19' title="bbox 317 2597 721 2662; baseline -0.002 0"><span class='ocrx_word' id='word_1_209' title='bbox 317 2597 374 2662; x_wconf 89' lang='lat' dir='ltr'><strong>Cui</strong></span> <span class='ocrx_word' id='word_1_210' title='bbox 391 2599 416 2660; x_wconf 93' lang='lat' dir='ltr'><strong>si</strong></span> <span class='ocrx_word' id='word_1_211' title='bbox 440 2597 525 2660; x_wconf 84' lang='lat' dir='ltr'><strong>addit</strong></span> <span class='ocrx_word' id='word_1_212' title='bbox 547 2599 604 2660; x_wconf 93' lang='lat' dir='ltr'><strong>Dio</strong></span> <span class='ocrx_word' id='word_1_213' title='bbox 627 2598 721 2662; x_wconf 86' lang='lat' dir='ltr'><strong>haec:</strong></span> 
     </span>
     <span class='ocr_line' id='line_1_20' title="bbox 368 2700 2042 2798; baseline 0.002 -24"><span class='ocrx_word' id='word_1_214' title='bbox 368 2700 484 2778; x_wconf 80' lang='grc' dir='ltr'><strong><em>τούτου</em></strong></span> <span class='ocrx_word' id='word_1_215' title='bbox 514 2711 814 2792; x_wconf 63' lang='lat' dir='ltr'><strong>deprecatoribus</strong></span> <span class='ocrx_word' id='word_1_216' title='bbox 836 2712 970 2776; x_wconf 77' lang='grc' dir='ltr'><strong><em>εἴδωλον</em></strong></span> <span class='ocrx_word' id='word_1_217' title='bbox 1000 2714 1030 2774; x_wconf 78' lang='grc' dir='ltr'><strong><em>οἰ</em></strong></span> <span class='ocrx_word' id='word_1_218' title='bbox 1058 2720 1189 2792; x_wconf 85' lang='grc' dir='ltr'><strong><em>ποιηταὶ</em></strong></span> <span class='ocrx_word' id='word_1_219' title='bbox 1216 2719 1373 2792; x_wconf 86' lang='grc' dir='ltr'><strong><em>γενέσθαι</em></strong></span> <span class='ocrx_word' id='word_1_220' title='bbox 1403 2703 1673 2798; x_wconf 78' lang='grc' dir='ltr'><strong><em>παρ’δνθριόποις</em></strong></span> <span class='ocrx_word' id='word_1_221' title='bbox 1703 2712 1775 2795; x_wconf 72' lang='grc' dir='ltr'><strong><em>ἐμοὶ</em></strong></span> <span class='ocrx_word' id='word_1_222' title='bbox 1801 2713 1905 2778; x_wconf 82' lang='grc' dir='ltr'><strong><em>δοκεῖν</em></strong></span> <span class='ocrx_word' id='word_1_223' title='bbox 1926 2708 2042 2780; x_wconf 79' lang='grc' dir='ltr'><strong><em>όντινα</em></strong></span> 
     </span>
    </p>
   </div>
   <div class='ocr_carea' id='block_1_3' title="bbox 372 2809 1870 2918">
    <p class='ocr_par' dir='ltr' id='par_1_5' title="bbox 372 2809 1870 2918">
     <span class='ocr_line' id='line_1_21' title="bbox 372 2809 1870 2918; baseline 0.001 -33"><span class='ocrx_word' id='word_1_224' title='bbox 372 2813 564 2906; x_wconf 79' lang='grc' dir='ltr'><strong><em>δνομόζουσι</em></strong></span> <span class='ocrx_word' id='word_1_225' title='bbox 589 2809 749 2906; x_wconf 65' lang='grc' dir='ltr'><strong><em>Πήγασον·</em></strong></span> <span class='ocrx_word' id='word_1_226' title='bbox 772 2834 831 2886; x_wconf 91' lang='grc' dir='ltr'><strong>καί</strong></span> <span class='ocrx_word' id='word_1_227' title='bbox 849 2842 950 2906; x_wconf 87' lang='grc' dir='ltr'><strong><em>φασιν</em></strong></span> <span class='ocrx_word' id='word_1_228' title='bbox 973 2816 1104 2885; x_wconf 78' lang='grc' dir='ltr'><strong><em>α’νεῑναι</em></strong></span> <span class='ocrx_word' id='word_1_229' title='bbox 1127 2811 1244 2906; x_wconf 71' lang='grc' dir='ltr'><strong><em>κρήνην</em></strong></span> <span class='ocrx_word' id='word_1_230' title='bbox 1266 2821 1302 2888; x_wconf 73' lang='grc' dir='ltr'><strong>ἐν</strong></span> <span class='ocrx_word' id='word_1_231' title='bbox 1326 2827 1476 2910; x_wconf 85' lang='grc' dir='ltr'><strong><em>Κορίνθῳ</em></strong></span> <span class='ocrx_word' id='word_1_232' title='bbox 1498 2809 1691 2908; x_wconf 72' lang='grc' dir='ltr'><strong><em>χαράξαντα</em></strong></span> <span class='ocrx_word' id='word_1_233' title='bbox 1714 2826 1755 2918; x_wconf 78' lang='grc' dir='ltr'><strong>τῇ</strong></span> <span class='ocrx_word' id='word_1_234' title='bbox 1782 2817 1870 2918; x_wconf 77' lang='grc' dir='ltr'><strong><em>όπλῇ</em></strong></span> 
     </span>
    </p>
   </div>
   <div class='ocr_carea' id='block_1_4' title="bbox 159 2928 2044 5058">
    <p class='ocr_par' dir='ltr' id='par_1_6' title="bbox 159 2928 2044 5058">
     <span class='ocr_line' id='line_1_22' title="bbox 165 2928 2043 3013; baseline 0.002 -21"><span class='ocrx_word' id='word_1_235' title='bbox 165 2930 321 2993; x_wconf 87' lang='lat' dir='ltr'><strong>consentit</strong></span> <span class='ocrx_word' id='word_1_236' title='bbox 343 2929 380 2992; x_wconf 92' lang='lat' dir='ltr'><strong>de</strong></span> <span class='ocrx_word' id='word_1_237' title='bbox 403 2949 464 2992; x_wconf 92' lang='lat' dir='ltr'><strong>non</strong></span> <span class='ocrx_word' id='word_1_238' title='bbox 487 2929 578 3011; x_wconf 91' lang='lat' dir='ltr'><strong>plane</strong></span> <span class='ocrx_word' id='word_1_239' title='bbox 600 2928 804 2993; x_wconf 85' lang='lat' dir='ltr'><strong>intermortua</strong></span> <span class='ocrx_word' id='word_1_240' title='bbox 824 2930 917 2993; x_wconf 92' lang='lat' dir='ltr'><strong>huius</strong></span> <span class='ocrx_word' id='word_1_241' title='bbox 942 2929 1013 3010; x_wconf 90' lang='lat' dir='ltr'><strong>equi</strong></span> <span class='ocrx_word' id='word_1_242' title='bbox 1036 2931 1116 3010; x_wconf 91' lang='lat' dir='ltr'><strong>apud</strong></span> <span class='ocrx_word' id='word_1_243' title='bbox 1140 2929 1273 2993; x_wconf 80' lang='lat' dir='ltr'><strong>Graecos</strong></span> <span class='ocrx_word' id='word_1_244' title='bbox 1296 2930 1445 2992; x_wconf 90' lang='lat' dir='ltr'><strong>memoria</strong></span> <span class='ocrx_word' id='word_1_245' title='bbox 1467 2949 1538 2994; x_wconf 92' lang='lat' dir='ltr'><strong>cum</strong></span> <span class='ocrx_word' id='word_1_246' title='bbox 1564 2929 1711 3009; x_wconf 84' lang='lat' dir='ltr'><strong>Cornuto,</strong></span> <span class='ocrx_word' id='word_1_247' title='bbox 1739 2931 1792 3012; x_wconf 92' lang='lat' dir='ltr'><strong>qui</strong></span> <span class='ocrx_word' id='word_1_248' title='bbox 1814 2933 1982 3013; x_wconf 90' lang='lat' dir='ltr'><strong>postquam</strong></span> <span class='ocrx_word' id='word_1_249' title='bbox 2005 2931 2043 2995; x_wconf 89' lang='lat' dir='ltr'><strong>dc</strong></span> 
     </span>
     <span class='ocr_line' id='line_1_23' title="bbox 164 3037 2044 3127; baseline 0.004 -25"><span class='ocrx_word' id='word_1_250' title='bbox 164 3040 310 3123; x_wconf 84' lang='lat' dir='ltr'><strong>Neptuno</strong></span> <span class='ocrx_word' id='word_1_251' title='bbox 333 3040 408 3103; x_wconf 81' lang='lat' dir='ltr'><strong>dixit</strong></span> <span class='ocrx_word' id='word_1_252' title='bbox 431 3039 562 3122; x_wconf 86' lang='lat' dir='ltr'><strong>addit²):</strong></span> <span class='ocrx_word' id='word_1_253' title='bbox 592 3045 649 3107; x_wconf 81' lang='grc' dir='ltr'><strong>τοῦ</strong></span> <span class='ocrx_word' id='word_1_254' title='bbox 671 3042 705 3106; x_wconf 73' lang='grc' dir='ltr'><strong>δὲ</strong></span> <span class='ocrx_word' id='word_1_255' title='bbox 730 3038 834 3108; x_wconf 78' lang='grc' dir='ltr'><strong><em>αὐτοῦ</em></strong></span> <span class='ocrx_word' id='word_1_256' title='bbox 856 3041 950 3123; x_wconf 88' lang='grc' dir='ltr'><strong><em>λόγου</em></strong></span> <span class='ocrx_word' id='word_1_257' title='bbox 972 3041 1082 3126; x_wconf 75' lang='grc' dir='ltr'><strong><em>ἔχεται</em></strong></span> <span class='ocrx_word' id='word_1_258' title='bbox 1106 3052 1160 3106; x_wconf 83' lang='grc' dir='ltr'><strong>καὶ</strong></span> <span class='ocrx_word' id='word_1_259' title='bbox 1182 3037 1218 3105; x_wconf 86' lang='grc' dir='ltr'><strong>τό</strong></span> <span class='ocrx_word' id='word_1_260' title='bbox 1234 3041 1432 3119; x_wconf 82' lang='grc' dir='ltr'><strong><em>Ποσειδῶνος</em></strong></span> <span class='ocrx_word' id='word_1_261' title='bbox 1447 3041 1521 3109; x_wconf 81' lang='grc' dir='ltr'><strong><em>υἰδν</em></strong></span> <span class='ocrx_word' id='word_1_262' title='bbox 1537 3043 1622 3108; x_wconf 87' lang='grc' dir='ltr'><strong><em>εἰναι</em></strong></span> <span class='ocrx_word' id='word_1_263' title='bbox 1637 3043 1694 3109; x_wconf 85' lang='grc' dir='ltr'><strong>τόν</strong></span> <span class='ocrx_word' id='word_1_264' title='bbox 1709 3042 1864 3127; x_wconf 84' lang='grc' dir='ltr'><strong><em>Πήγασον</em></strong></span> <span class='ocrx_word' id='word_1_265' title='bbox 1886 3041 1954 3109; x_wconf 71' lang='grc' dir='ltr'><strong><em>α’πδ</em></strong></span> <span class='ocrx_word' id='word_1_266' title='bbox 1978 3049 2044 3111; x_wconf 76' lang='grc' dir='ltr'><strong>τῶν</strong></span> 
     </span>
     <span class='ocr_line' id='line_1_24' title="bbox 164 3147 2042 3244; baseline 0 -25"><span class='ocrx_word' id='word_1_267' title='bbox 164 3158 279 3239; x_wconf 78' lang='grc' dir='ltr'><strong><em>πηγῶν</em></strong></span> <span class='ocrx_word' id='word_1_268' title='bbox 302 3147 543 3236; x_wconf 79' lang='grc' dir='ltr'><strong><em>ω’νομασμένον.</em></strong></span> <span class='ocrx_word' id='word_1_269' title='bbox 578 3153 698 3230; x_wconf 85' lang='lat' dir='ltr'><strong>Agmen</strong></span> <span class='ocrx_word' id='word_1_270' title='bbox 721 3149 836 3212; x_wconf 91' lang='lat' dir='ltr'><strong>claudit</strong></span> <span class='ocrx_word' id='word_1_271' title='bbox 857 3152 951 3228; x_wconf 89' lang='lat' dir='ltr'><strong>terra,</strong></span> <span class='ocrx_word' id='word_1_272' title='bbox 975 3167 1054 3231; x_wconf 89' lang='lat' dir='ltr'><strong>quae</strong></span> <span class='ocrx_word' id='word_1_273' title='bbox 1070 3149 1181 3231; x_wconf 75' lang='lat' dir='ltr'><strong>(Vesta</strong></span> <span class='ocrx_word' id='word_1_274' title='bbox 1194 3148 1285 3212; x_wconf 92' lang='lat' dir='ltr'><strong>Dioni</strong></span> <span class='ocrx_word' id='word_1_275' title='bbox 1298 3149 1364 3212; x_wconf 90' lang='lat' dir='ltr'><strong>aliis</strong></span> <span class='ocrx_word' id='word_1_276' title='bbox 1379 3148 1487 3228; x_wconf 83' lang='lat' dir='ltr'><strong>Ceres)</strong></span> <span class='ocrx_word' id='word_1_277' title='bbox 1510 3151 1566 3214; x_wconf 89' lang='lat' dir='ltr'><strong>etsi</strong></span> <span class='ocrx_word' id='word_1_278' title='bbox 1582 3149 1781 3237; x_wconf 74' lang='grc' dir='ltr'><strong><em>ὑπομένει</em></strong></span> <span class='ocrx_word' id='word_1_279' title='bbox 1804 3155 1840 3220; x_wconf 75' lang='grc' dir='ltr'><strong>ἓν</strong></span> <span class='ocrx_word' id='word_1_280' title='bbox 1862 3153 1908 3242; x_wconf 77' lang='grc' dir='ltr'><strong>τῷ</strong></span> <span class='ocrx_word' id='word_1_281' title='bbox 1930 3152 2042 3244; x_wconf 57' lang='grc' dir='ltr'><strong><em>μίσηιθ)</em></strong></span> 
     </span>
     <span class='ocr_line' id='line_1_25' title="bbox 164 3259 1089 3342; baseline -0.002 -18"><span class='ocrx_word' id='word_1_282' title='bbox 164 3262 231 3325; x_wconf 92' lang='lat' dir='ltr'><strong>dira</strong></span> <span class='ocrx_word' id='word_1_283' title='bbox 252 3261 396 3342; x_wconf 85' lang='lat' dir='ltr'><strong>imaginis</strong></span> <span class='ocrx_word' id='word_1_284' title='bbox 419 3260 646 3324; x_wconf 89' lang='lat' dir='ltr'><strong>necessitudine</strong></span> <span class='ocrx_word' id='word_1_285' title='bbox 668 3259 736 3341; x_wconf 89' lang='lat' dir='ltr'><strong>ipsa</strong></span> <span class='ocrx_word' id='word_1_286' title='bbox 758 3278 879 3340; x_wconf 92' lang='lat' dir='ltr'><strong>quoque</strong></span> <span class='ocrx_word' id='word_1_287' title='bbox 902 3278 1000 3340; x_wconf 90' lang='lat' dir='ltr'><strong>equus</strong></span> <span class='ocrx_word' id='word_1_288' title='bbox 1024 3262 1089 3322; x_wconf 91' lang='lat' dir='ltr'><strong>est:</strong></span> 
     </span>
     <span class='ocr_line' id='line_1_26' title="bbox 367 3359 2042 3462; baseline 0.002 -25"><span class='ocrx_word' id='word_1_289' title='bbox 367 3369 435 3437; x_wconf 73' lang='grc' dir='ltr'><strong>ὅδὲ</strong></span> <span class='ocrx_word' id='word_1_290' title='bbox 452 3372 490 3457; x_wconf 80' lang='grc' dir='ltr'><strong>δη</strong></span> <span class='ocrx_word' id='word_1_291' title='bbox 513 3383 664 3458; x_wconf 75' lang='grc' dir='ltr'><strong><em>τέταρτος</em></strong></span> <span class='ocrx_word' id='word_1_292' title='bbox 687 3361 815 3436; x_wconf 81' lang='grc' dir='ltr'><strong><em>εἰκόσαι</em></strong></span> <span class='ocrx_word' id='word_1_293' title='bbox 838 3362 975 3438; x_wconf 76' lang='grc' dir='ltr'><strong><em>πάντων</em></strong></span> <span class='ocrx_word' id='word_1_294' title='bbox 998 3361 1210 3448; x_wconf 81' lang='grc' dir='ltr'><strong><em>α’τοπεότατος</em></strong></span> <span class='ocrx_word' id='word_1_295' title='bbox 1232 3359 1355 3457; x_wconf 83' lang='grc' dir='ltr'><strong><em>στερεός</em></strong></span> <span class='ocrx_word' id='word_1_296' title='bbox 1368 3398 1403 3437; x_wconf 91' lang='grc' dir='ltr'><strong>τε</strong></span> <span class='ocrx_word' id='word_1_297' title='bbox 1426 3383 1481 3438; x_wconf 76' lang='grc' dir='ltr'><strong>καὶ</strong></span> <span class='ocrx_word' id='word_1_298' title='bbox 1504 3369 1659 3454; x_wconf 83' lang='grc' dir='ltr'><strong><em>οἶκίνητος,</em></strong></span> <span class='ocrx_word' id='word_1_299' title='bbox 1683 3372 1742 3458; x_wconf 80' lang='grc' dir='ltr'><strong><em>οὐχ</em></strong></span> <span class='ocrx_word' id='word_1_300' title='bbox 1765 3370 1853 3452; x_wconf 70' lang='grc' dir='ltr'><strong><em>ὅπως</em></strong></span> <span class='ocrx_word' id='word_1_301' title='bbox 1869 3367 2042 3462; x_wconf 82' lang='grc' dir='ltr'><strong><em>πτερωτός,</em></strong></span> 
     </span>
     <span class='ocr_line' id='line_1_27' title="bbox 368 3473 691 3564; baseline -0.015 -17"><span class='ocrx_word' id='word_1_302' title='bbox 368 3473 538 3564; x_wconf 77' lang='grc' dir='ltr'><strong><em>ἰποόνυμος</em></strong></span> <span class='ocrx_word' id='word_1_303' title='bbox 558 3479 691 3559; x_wconf 84' lang='grc' dir='ltr'><strong><em>Ἑστίας.</em></strong></span> 
     </span>
     <span class='ocr_line' id='line_1_28' title="bbox 163 3589 1314 3672; baseline -0.003 -18"><span class='ocrx_word' id='word_1_304' title='bbox 163 3591 254 3670; x_wconf 81' lang='lat' dir='ltr'><strong>Quod</strong></span> <span class='ocrx_word' id='word_1_305' title='bbox 276 3591 360 3654; x_wconf 87' lang='lat' dir='ltr'><strong>vides</strong></span> <span class='ocrx_word' id='word_1_306' title='bbox 384 3593 572 3672; x_wconf 89' lang='lat' dir='ltr'><strong>quantopere</strong></span> <span class='ocrx_word' id='word_1_307' title='bbox 596 3591 710 3653; x_wconf 88' lang='lat' dir='ltr'><strong>sentiat</strong></span> <span class='ocrx_word' id='word_1_308' title='bbox 731 3590 789 3654; x_wconf 92' lang='lat' dir='ltr'><strong>Dio</strong></span> <span class='ocrx_word' id='word_1_309' title='bbox 813 3591 980 3654; x_wconf 88' lang='lat' dir='ltr'><strong>absurdum</strong></span> <span class='ocrx_word' id='word_1_310' title='bbox 1003 3609 1079 3655; x_wconf 88' lang='lat' dir='ltr'><strong>esso.</strong></span> <span class='ocrx_word' id='word_1_311' title='bbox 1127 3589 1188 3654; x_wconf 89' lang='lat' dir='ltr'><strong>Sed</strong></span> <span class='ocrx_word' id='word_1_312' title='bbox 1211 3590 1314 3653; x_wconf 86' lang='lat' dir='ltr'><strong>addit:</strong></span> 
     </span>
     <span class='ocr_line' id='line_1_29' title="bbox 366 3693 2043 3794; baseline 0.002 -26"><span class='ocrx_word' id='word_1_313' title='bbox 366 3697 451 3786; x_wconf 78' lang='grc' dir='ltr'><strong><em>όμοις</em></strong></span> <span class='ocrx_word' id='word_1_314' title='bbox 475 3702 509 3768; x_wconf 71' lang='grc' dir='ltr'><strong>δὲ</strong></span> <span class='ocrx_word' id='word_1_315' title='bbox 527 3697 584 3768; x_wconf 73' lang='lat' dir='ltr'><strong>oda</strong></span> <span class='ocrx_word' id='word_1_316' title='bbox 600 3697 846 3788; x_wconf 77' lang='grc' dir='ltr'><strong><em>α’ποτρέπονται</em></strong></span> <span class='ocrx_word' id='word_1_317' title='bbox 861 3707 915 3787; x_wconf 77' lang='grc' dir='ltr'><strong>τῆς</strong></span> <span class='ocrx_word' id='word_1_318' title='bbox 930 3693 1061 3782; x_wconf 81' lang='grc' dir='ltr'><strong><em>εἰκόνος,</em></strong></span> <span class='ocrx_word' id='word_1_319' title='bbox 1089 3697 1176 3767; x_wconf 65' lang='lat' dir='ltr'><strong>date</strong></span> <span class='ocrx_word' id='word_1_320' title='bbox 1192 3702 1391 3786; x_wconf 70' lang='grc' dir='ltr'><strong><em>ἐνεζεῦχθαί</em></strong></span> <span class='ocrx_word' id='word_1_321' title='bbox 1403 3723 1484 3786; x_wconf 88' lang='grc' dir='ltr'><strong><em>φασι</em></strong></span> <span class='ocrx_word' id='word_1_322' title='bbox 1507 3714 1562 3768; x_wconf 79' lang='grc' dir='ltr'><strong>καὶ</strong></span> <span class='ocrx_word' id='word_1_323' title='bbox 1584 3707 1700 3770; x_wconf 83' lang='grc' dir='ltr'><strong><em>τοῦτον</em></strong></span> <span class='ocrx_word' id='word_1_324' title='bbox 1721 3708 1768 3794; x_wconf 74' lang='grc' dir='ltr'><strong>τῷ</strong></span> <span class='ocrx_word' id='word_1_325' title='bbox 1783 3698 1919 3788; x_wconf 70' lang='grc' dir='ltr'><strong><em>ἅρματι,</em></strong></span> <span class='ocrx_word' id='word_1_326' title='bbox 1935 3717 2043 3788; x_wconf 78' lang='grc' dir='ltr'><strong><em>μένειν</em></strong></span> 
     </span>
     <span class='ocr_line' id='line_1_30' title="bbox 368 3803 1227 3896; baseline -0.007 -18"><span class='ocrx_word' id='word_1_327' title='bbox 368 3814 404 3878; x_wconf 79' lang='grc' dir='ltr'><strong>δὲ</strong></span> <span class='ocrx_word' id='word_1_328' title='bbox 426 3811 510 3878; x_wconf 79' lang='grc' dir='ltr'><strong><em>κατδ</em></strong></span> <span class='ocrx_word' id='word_1_329' title='bbox 535 3803 646 3896; x_wconf 77' lang='grc' dir='ltr'><strong><em>χώραν</em></strong></span> <span class='ocrx_word' id='word_1_330' title='bbox 668 3810 804 3894; x_wconf 86' lang='grc' dir='ltr'><strong><em>χαλινόν</em></strong></span> <span class='ocrx_word' id='word_1_331' title='bbox 825 3803 1014 3894; x_wconf 77' lang='grc' dir='ltr'><strong><em>α’δόμαντος</em></strong></span> <span class='ocrx_word' id='word_1_332' title='bbox 1035 3809 1227 3878; x_wconf 72' lang='grc' dir='ltr'><strong><em>ἐνδακόντα.</em></strong></span> 
     </span>
     <span class='ocr_line' id='line_1_31' title="bbox 317 3929 2041 4021; baseline 0.001 -18"><span class='ocrx_word' id='word_1_333' title='bbox 317 3939 464 4020; x_wconf 90' lang='lat' dir='ltr'><strong>Sequitur</strong></span> <span class='ocrx_word' id='word_1_334' title='bbox 475 3938 666 4018; x_wconf 86' lang='lat' dir='ltr'><strong>singulorum</strong></span> <span class='ocrx_word' id='word_1_335' title='bbox 678 3939 903 4001; x_wconf 90' lang='lat' dir='ltr'><strong>clementorum</strong></span> <span class='ocrx_word' id='word_1_336' title='bbox 918 3939 980 4000; x_wconf 88' lang='lat' dir='ltr'><strong>sive</strong></span> <span class='ocrx_word' id='word_1_337' title='bbox 995 3937 1105 4000; x_wconf 90' lang='lat' dir='ltr'><strong>mundi</strong></span> <span class='ocrx_word' id='word_1_338' title='bbox 1119 3937 1280 4017; x_wconf 90' lang='lat' dir='ltr'><strong>regionum</strong></span> <span class='ocrx_word' id='word_1_339' title='bbox 1296 3929 1531 4021; x_wconf 81' lang='lat' dir='ltr'><strong>descriptionem</strong></span> <span class='ocrx_word' id='word_1_340' title='bbox 1547 3938 1679 4002; x_wconf 86' lang='lat' dir='ltr'><strong>universi</strong></span> <span class='ocrx_word' id='word_1_341' title='bbox 1695 3938 1887 4004; x_wconf 87' lang='lat' dir='ltr'><strong>adumbratio</strong></span> <span class='ocrx_word' id='word_1_342' title='bbox 1903 3941 2041 4006; x_wconf 90' lang='lat' dir='ltr'><strong>eiusdem</strong></span> 
     </span>
     <span class='ocr_line' id='line_1_32' title="bbox 160 4049 859 4131; baseline -0.006 -17"><span class='ocrx_word' id='word_1_343' title='bbox 160 4051 307 4131; x_wconf 86' lang='lat' dir='ltr'><strong>imaginis</strong></span> <span class='ocrx_word' id='word_1_344' title='bbox 329 4049 457 4129; x_wconf 80' lang='lat' dir='ltr'><strong>vestigia</strong></span> <span class='ocrx_word' id='word_1_345' title='bbox 479 4051 544 4111; x_wconf 88' lang='lat' dir='ltr'><strong>arte</strong></span> <span class='ocrx_word' id='word_1_346' title='bbox 565 4066 708 4130; x_wconf 92' lang='lat' dir='ltr'><strong>premens</strong></span> <span class='ocrx_word' id='word_1_347' title='bbox 731 4051 766 4128; x_wconf 59' lang='grc' dir='ltr'><strong>(ᾖ</strong></span> <span class='ocrx_word' id='word_1_348' title='bbox 788 4049 859 4124; x_wconf 80' lang='grc'>47);</span> 
     </span>
     <span class='ocr_line' id='line_1_33' title="bbox 366 4153 2041 4249; baseline 0.001 -22"><span class='ocrx_word' id='word_1_349' title='bbox 366 4160 560 4248; x_wconf 82' lang='grc' dir='ltr'><strong><em>συνερείδειν</em></strong></span> <span class='ocrx_word' id='word_1_350' title='bbox 590 4161 623 4224; x_wconf 72' lang='grc' dir='ltr'><strong>δὲ</strong></span> <span class='ocrx_word' id='word_1_351' title='bbox 655 4153 871 4242; x_wconf 67' lang='grc' dir='ltr'><strong><em>πανταχόθεν</em></strong></span> <span class='ocrx_word' id='word_1_352' title='bbox 893 4157 981 4249; x_wconf 78' lang='grc' dir='ltr'><strong><em>αύτῷ</em></strong></span> <span class='ocrx_word' id='word_1_353' title='bbox 1003 4175 1067 4237; x_wconf 83' lang='grc' dir='ltr'><strong><em>τοῖς</em></strong></span> <span class='ocrx_word' id='word_1_354' title='bbox 1090 4172 1207 4248; x_wconf 83' lang='grc' dir='ltr'><strong><em>μέρεσι,</em></strong></span> <span class='ocrx_word' id='word_1_355' title='bbox 1236 4171 1292 4225; x_wconf 74' lang='grc' dir='ltr'><strong>καὶ</strong></span> <span class='ocrx_word' id='word_1_356' title='bbox 1313 4155 1357 4225; x_wconf 77' lang='grc' dir='ltr'><strong>τιό</strong></span> <span class='ocrx_word' id='word_1_357' title='bbox 1379 4156 1438 4226; x_wconf 86' lang='grc' dir='ltr'><strong><em>δύο</em></strong></span> <span class='ocrx_word' id='word_1_358' title='bbox 1460 4158 1504 4225; x_wconf 79' lang='grc' dir='ltr'><strong>τιό</strong></span> <span class='ocrx_word' id='word_1_359' title='bbox 1529 4163 1665 4246; x_wconf 88' lang='grc' dir='ltr'><strong><em>πλησίον</em></strong></span> <span class='ocrx_word' id='word_1_360' title='bbox 1686 4159 1799 4246; x_wconf 77' lang='grc' dir='ltr'><strong><em>ὁμοίαις</em></strong></span> <span class='ocrx_word' id='word_1_361' title='bbox 1828 4160 1908 4249; x_wconf 84' lang='grc' dir='ltr'><strong><em>πρός</em></strong></span> <span class='ocrx_word' id='word_1_362' title='bbox 1938 4161 2041 4232; x_wconf 76' lang='grc' dir='ltr'><strong><em>αὐτόν</em></strong></span> 
     </span>
     <span class='ocr_line' id='line_1_34' title="bbox 367 4262 2040 4359; baseline 0.004 -25"><span class='ocrx_word' id='word_1_363' title='bbox 367 4271 532 4350; x_wconf 71' lang='grc' dir='ltr'><strong><em>ἐγκλίνειν,</em></strong></span> <span class='ocrx_word' id='word_1_364' title='bbox 554 4267 695 4352; x_wconf 72' lang='grc' dir='ltr'><strong><em>α’τεχνοῖς</em></strong></span> <span class='ocrx_word' id='word_1_365' title='bbox 718 4271 932 4336; x_wconf 69' lang='grc' dir='ltr'><strong><em>ἐπιπίπτοντε</em></strong></span> <span class='ocrx_word' id='word_1_366' title='bbox 955 4280 1009 4334; x_wconf 80' lang='grc' dir='ltr'><strong>καὶ</strong></span> <span class='ocrx_word' id='word_1_367' title='bbox 1032 4267 1222 4352; x_wconf 69' lang='grc' dir='ltr'><strong><em>ὠθουμένω·</em></strong></span> <span class='ocrx_word' id='word_1_368' title='bbox 1245 4267 1302 4338; x_wconf 83' lang='grc' dir='ltr'><strong>τόν</strong></span> <span class='ocrx_word' id='word_1_369' title='bbox 1324 4270 1359 4336; x_wconf 80' lang='grc' dir='ltr'><strong>δὲ</strong></span> <span class='ocrx_word' id='word_1_370' title='bbox 1375 4262 1526 4346; x_wconf 77' lang='grc' dir='ltr'><strong><em>ἰξωτοῖτω</em></strong></span> <span class='ocrx_word' id='word_1_371' title='bbox 1542 4273 1672 4358; x_wconf 76' lang='grc' dir='ltr'><strong><em>πρῶτον</em></strong></span> <span class='ocrx_word' id='word_1_372' title='bbox 1688 4265 1740 4336; x_wconf 76' lang='grc' dir='ltr'><strong>αἐῐ</strong></span> <span class='ocrx_word' id='word_1_373' title='bbox 1756 4281 1831 4359; x_wconf 78' lang='grc' dir='ltr'><strong><em>περὶ</em></strong></span> <span class='ocrx_word' id='word_1_374' title='bbox 1844 4271 1902 4338; x_wconf 85' lang='grc' dir='ltr'><strong>τόν</strong></span> <span class='ocrx_word' id='word_1_375' title='bbox 1916 4277 2040 4340; x_wconf 77' lang='grc' dir='ltr'><strong><em>ἑστῶτα</em></strong></span> 
     </span>
     <span class='ocr_line' id='line_1_35' title="bbox 368 4369 739 4467; baseline -0.011 -21"><span class='ocrx_word' id='word_1_376' title='bbox 368 4377 409 4457; x_wconf 76' lang='grc' dir='ltr'><strong><em>ὦς</em></strong></span> <span class='ocrx_word' id='word_1_377' title='bbox 430 4369 551 4446; x_wconf 81' lang='grc' dir='ltr'><strong><em>νύσσαν</em></strong></span> <span class='ocrx_word' id='word_1_378' title='bbox 573 4385 739 4467; x_wconf 73' lang='grc' dir='ltr'><strong><em>φέρεσθαι.</em></strong></span> 
     </span>
     <span class='ocr_line' id='line_1_36' title="bbox 160 4486 2041 4572; baseline -0.001 -16"><span class='ocrx_word' id='word_1_379' title='bbox 160 4494 273 4572; x_wconf 86' lang='lat' dir='ltr'><strong>Neque</strong></span> <span class='ocrx_word' id='word_1_380' title='bbox 301 4493 331 4552; x_wconf 92' lang='lat' dir='ltr'><strong>te</strong></span> <span class='ocrx_word' id='word_1_381' title='bbox 358 4487 456 4570; x_wconf 85' lang='lat' dir='ltr'><strong>fugiet</strong></span> <span class='ocrx_word' id='word_1_382' title='bbox 478 4490 527 4554; x_wconf 93' lang='lat' dir='ltr'><strong>hic</strong></span> <span class='ocrx_word' id='word_1_383' title='bbox 549 4507 670 4571; x_wconf 91' lang='lat' dir='ltr'><strong>quoque</strong></span> <span class='ocrx_word' id='word_1_384' title='bbox 696 4491 859 4571; x_wconf 89' lang='lat' dir='ltr'><strong>poetarum</strong></span> <span class='ocrx_word' id='word_1_385' title='bbox 873 4506 958 4551; x_wconf 92' lang='lat' dir='ltr'><strong>more</strong></span> <span class='ocrx_word' id='word_1_386' title='bbox 974 4486 1137 4571; x_wconf 84' lang='lat' dir='ltr'><strong>Chrysippi</strong></span> <span class='ocrx_word' id='word_1_387' title='bbox 1160 4489 1330 4553; x_wconf 89' lang='lat' dir='ltr'><strong>doctrinam</strong></span> <span class='ocrx_word' id='word_1_388' title='bbox 1353 4490 1569 4568; x_wconf 89' lang='lat' dir='ltr'><strong>circumscribi,</strong></span> <span class='ocrx_word' id='word_1_389' title='bbox 1586 4489 1757 4554; x_wconf 86' lang='lat' dir='ltr'><strong>secundum</strong></span> <span class='ocrx_word' id='word_1_390' title='bbox 1776 4509 1871 4571; x_wconf 89' lang='lat' dir='ltr'><strong>quam</strong></span> <span class='ocrx_word' id='word_1_391' title='bbox 1885 4491 1917 4553; x_wconf 90' lang='lat' dir='ltr'><strong>in</strong></span> <span class='ocrx_word' id='word_1_392' title='bbox 1941 4491 2041 4555; x_wconf 92' lang='lat' dir='ltr'><strong>medio</strong></span> 
     </span>
     <span class='ocr_line' id='line_1_37' title="bbox 159 4593 2040 4685; baseline -0.001 -19"><span class='ocrx_word' id='word_1_393' title='bbox 159 4607 245 4666; x_wconf 86' lang='lat' dir='ltr'><strong>terra</strong></span> <span class='ocrx_word' id='word_1_394' title='bbox 265 4602 347 4663; x_wconf 91' lang='lat' dir='ltr'><strong>iacet</strong></span> <span class='ocrx_word' id='word_1_395' title='bbox 370 4593 576 4668; x_wconf 82' lang='grc' dir='ltr'><strong><em>πυκνότατον</em></strong></span> <span class='ocrx_word' id='word_1_396' title='bbox 598 4599 785 4685; x_wconf 79' lang='grc' dir='ltr'><strong><em>ὑπέρεισμα.</em></strong></span> <span class='ocrx_word' id='word_1_397' title='bbox 808 4597 955 4664; x_wconf 86' lang='lat' dir='ltr'><strong>Conferas</strong></span> <span class='ocrx_word' id='word_1_398' title='bbox 973 4618 1062 4680; x_wconf 90' lang='lat' dir='ltr'><strong>porro</strong></span> <span class='ocrx_word' id='word_1_399' title='bbox 1085 4620 1121 4663; x_wconf 81' lang='lat' dir='ltr'><strong>ex</strong></span> <span class='ocrx_word' id='word_1_400' title='bbox 1144 4601 1253 4664; x_wconf 91' lang='lat' dir='ltr'><strong>eadem</strong></span> <span class='ocrx_word' id='word_1_401' title='bbox 1282 4601 1364 4682; x_wconf 90' lang='lat' dir='ltr'><strong>apud</strong></span> <span class='ocrx_word' id='word_1_402' title='bbox 1390 4600 1559 4664; x_wconf 84' lang='lat' dir='ltr'><strong>Stobaeum</strong></span> <span class='ocrx_word' id='word_1_403' title='bbox 1585 4601 1623 4664; x_wconf 93' lang='lat' dir='ltr'><strong>de</strong></span> <span class='ocrx_word' id='word_1_404' title='bbox 1649 4600 1820 4683; x_wconf 87' lang='lat' dir='ltr'><strong>Chrysippo</strong></span> <span class='ocrx_word' id='word_1_405' title='bbox 1844 4601 2040 4665; x_wconf 86' lang='lat' dir='ltr'><strong>narratione:</strong></span> 
     </span>
     <span class='ocr_line' id='line_1_38' title="bbox 160 4701 2040 4802; baseline -0.002 -20"><span class='ocrx_word' id='word_1_406' title='bbox 160 4727 234 4802; x_wconf 83' lang='grc' dir='ltr'><strong><em>περὶ</em></strong></span> <span class='ocrx_word' id='word_1_407' title='bbox 258 4703 382 4798; x_wconf 88' lang='grc' dir='ltr'><strong><em>ταύτην</em></strong></span> <span class='ocrx_word' id='word_1_408' title='bbox 394 4709 471 4798; x_wconf 76' lang='grc' dir='ltr'><strong><em>(τῆν</em></strong></span> <span class='ocrx_word' id='word_1_409' title='bbox 482 4713 556 4798; x_wconf 76' lang='grc' dir='ltr'><strong><em>γῆν)</em></strong></span> <span class='ocrx_word' id='word_1_410' title='bbox 581 4710 616 4777; x_wconf 89' lang='grc' dir='ltr'><strong>τό</strong></span> <span class='ocrx_word' id='word_1_411' title='bbox 639 4709 725 4798; x_wconf 67' lang='grc' dir='ltr'><strong><em>ὕδωρ</em></strong></span> <span class='ocrx_word' id='word_1_412' title='bbox 739 4701 974 4801; x_wconf 71' lang='grc' dir='ltr'><strong><em>περικεχύσθαι</em></strong></span> <span class='ocrx_word' id='word_1_413' title='bbox 990 4718 1181 4798; x_wconf 74' lang='grc' dir='ltr'><strong><em>σφαιρικῶς.</em></strong></span> <span class='ocrx_word' id='word_1_414' title='bbox 1200 4761 1206 4774; x_wconf 92' lang='grc'><strong><em>.</em></strong></span> <span class='ocrx_word' id='word_1_415' title='bbox 1227 4707 1295 4778; x_wconf 76' lang='grc' dir='ltr'><strong><em>α’πδ</em></strong></span> <span class='ocrx_word' id='word_1_416' title='bbox 1319 4713 1354 4776; x_wconf 79' lang='grc' dir='ltr'><strong>δὲ</strong></span> <span class='ocrx_word' id='word_1_417' title='bbox 1377 4711 1434 4779; x_wconf 78' lang='grc' dir='ltr'><strong>τού</strong></span> <span class='ocrx_word' id='word_1_418' title='bbox 1458 4707 1575 4789; x_wconf 75' lang='grc' dir='ltr'><strong><em>λόδατος</em></strong></span> <span class='ocrx_word' id='word_1_419' title='bbox 1598 4711 1657 4780; x_wconf 88' lang='grc' dir='ltr'><strong>τόν</strong></span> <span class='ocrx_word' id='word_1_420' title='bbox 1679 4711 1762 4800; x_wconf 58' lang='lat' dir='ltr'><strong>cispa</strong></span> <span class='ocrx_word' id='word_1_421' title='bbox 1784 4712 1948 4799; x_wconf 77' lang='grc' dir='ltr'><strong><em>ἰξῆφθαι.</em></strong></span> <span class='ocrx_word' id='word_1_422' title='bbox 1967 4725 2040 4779; x_wconf 83' lang='grc' dir='ltr'><strong><em>.καὶ</em></strong></span> 
     </span>
     <span class='ocr_line' id='line_1_39' title="bbox 160 4812 2039 4912; baseline -0.002 -20"><span class='ocrx_word' id='word_1_423' title='bbox 160 4821 399 4912; x_wconf 84' lang='grc' dir='ltr'><strong><em>περικεχύσθαι</em></strong></span> <span class='ocrx_word' id='word_1_424' title='bbox 416 4821 608 4908; x_wconf 60' lang='lat' dir='ltr'><strong>aquaputa:</strong></span> <span class='ocrx_word' id='word_1_425' title='bbox 624 4823 659 4887; x_wconf 83' lang='grc' dir='ltr'><strong><em>ἰκ</em></strong></span> <span class='ocrx_word' id='word_1_426' title='bbox 674 4824 710 4888; x_wconf 80' lang='grc' dir='ltr'><strong>δὲ</strong></span> <span class='ocrx_word' id='word_1_427' title='bbox 724 4812 838 4889; x_wconf 80' lang='grc' dir='ltr'><strong><em>τούτον</em></strong></span> <span class='ocrx_word' id='word_1_428' title='bbox 851 4821 909 4889; x_wconf 82' lang='grc' dir='ltr'><strong>τόν</strong></span> <span class='ocrx_word' id='word_1_429' title='bbox 924 4826 1045 4909; x_wconf 79' lang='grc' dir='ltr'><strong><em>αἰθέρα</em></strong></span> <span class='ocrx_word' id='word_1_430' title='bbox 1063 4870 1090 4884; x_wconf 79' lang='grc'><strong>..</strong></span> <span class='ocrx_word' id='word_1_431' title='bbox 1105 4823 1141 4888; x_wconf 80' lang='grc' dir='ltr'><strong>τό</strong></span> <span class='ocrx_word' id='word_1_432' title='bbox 1153 4823 1189 4889; x_wconf 80' lang='grc' dir='ltr'><strong>δὲ</strong></span> <span class='ocrx_word' id='word_1_433' title='bbox 1200 4812 1454 4910; x_wconf 83' lang='grc' dir='ltr'><strong><em>περιφερόμενον</em></strong></span> <span class='ocrx_word' id='word_1_434' title='bbox 1465 4820 1555 4912; x_wconf 77' lang='grc' dir='ltr'><strong><em>αύτῷ</em></strong></span> <span class='ocrx_word' id='word_1_435' title='bbox 1566 4822 1737 4905; x_wconf 71' lang='grc' dir='ltr'><strong><em>ἐγκυκλίως</em></strong></span> <span class='ocrx_word' id='word_1_436' title='bbox 1749 4829 1875 4910; x_wconf 79' lang='grc' dir='ltr'><strong><em>αἰθέρα</em></strong></span> <span class='ocrx_word' id='word_1_437' title='bbox 1892 4823 1996 4890; x_wconf 81' lang='grc' dir='ltr'><strong><em>εἶναι.</em></strong></span> <span class='ocrx_word' id='word_1_438' title='bbox 2012 4871 2018 4884; x_wconf 92' lang='grc'><strong><em>.</em></strong></span> <span class='ocrx_word' id='word_1_439' title='bbox 2033 4876 2039 4888; x_wconf 94' lang='grc'><strong><em>.</em></strong></span> 
     </span>
     <span class='ocr_line' id='line_1_40' title="bbox 317 4988 847 5058; baseline 0.004 -18"><span class='ocrx_word' id='word_1_440' title='bbox 317 4993 336 5054; x_wconf 89' lang='lat'><strong>¹)</strong></span> <span class='ocrx_word' id='word_1_441' title='bbox 355 4989 386 5042; x_wconf 85' lang='lat' dir='ltr'><strong>cf.</strong></span> <span class='ocrx_word' id='word_1_442' title='bbox 406 4988 535 5041; x_wconf 84' lang='lat' dir='ltr'><strong>Plutarch.</strong></span> <span class='ocrx_word' id='word_1_443' title='bbox 555 4989 586 5040; x_wconf 88' lang='lat' dir='ltr'><strong>de</strong></span> <span class='ocrx_word' id='word_1_444' title='bbox 604 4989 680 5043; x_wconf 83' lang='lat' dir='ltr'><strong>Stoie.</strong></span> <span class='ocrx_word' id='word_1_445' title='bbox 699 5005 748 5058; x_wconf 85' lang='lat' dir='ltr'><strong>rep.</strong></span> <span class='ocrx_word' id='word_1_446' title='bbox 767 5006 787 5043; x_wconf 89' lang='lat' dir='ltr'><strong>c.</strong></span> <span class='ocrx_word' id='word_1_447' title='bbox 806 4989 847 5042; x_wconf 86' lang='grc'><strong>43.</strong></span> 
     </span>
    </p>
   </div>
   <div class='ocr_carea' id='block_1_5' title="bbox 315 5073 1005 5228">
    <p class='ocr_par' dir='ltr' id='par_1_7' title="bbox 315 5073 1005 5228">
     <span class='ocr_line' id='line_1_41' title="bbox 315 5073 1005 5143; baseline 0 -17"><span class='ocrx_word' id='word_1_448' title='bbox 315 5079 336 5132; x_wconf 73' lang='lat'><strong>²)</strong></span> <span class='ocrx_word' id='word_1_449' title='bbox 355 5075 385 5126; x_wconf 84' lang='lat' dir='ltr'><strong>ct.</strong></span> <span class='ocrx_word' id='word_1_450' title='bbox 404 5073 509 5128; x_wconf 84' lang='lat' dir='ltr'><strong>Cornuti</strong></span> <span class='ocrx_word' id='word_1_451' title='bbox 528 5073 604 5127; x_wconf 90' lang='lat' dir='ltr'><strong>theol.</strong></span> <span class='ocrx_word' id='word_1_452' title='bbox 624 5089 705 5140; x_wconf 85' lang='lat' dir='ltr'><strong>graec.</strong></span> <span class='ocrx_word' id='word_1_453' title='bbox 725 5073 763 5126; x_wconf 88' lang='lat' dir='ltr'><strong>ed.</strong></span> <span class='ocrx_word' id='word_1_454' title='bbox 783 5075 856 5139; x_wconf 79' lang='lat' dir='ltr'><strong>lang</strong></span> <span class='ocrx_word' id='word_1_455' title='bbox 873 5091 896 5143; x_wconf 92' lang='lat' dir='ltr'><strong>p.</strong></span> <span class='ocrx_word' id='word_1_456' title='bbox 914 5073 1005 5138; x_wconf 79' lang='lat'><strong>44,10.</strong></span> 
     </span>
     <span class='ocr_line' id='line_1_42' title="bbox 316 5158 582 5228; baseline -0.004 -17"><span class='ocrx_word' id='word_1_457' title='bbox 316 5160 337 5223; x_wconf 74' lang='lat'><strong>³)</strong></span> <span class='ocrx_word' id='word_1_458' title='bbox 356 5160 387 5213; x_wconf 83' lang='lat' dir='ltr'><strong>of.</strong></span> <span class='ocrx_word' id='word_1_459' title='bbox 406 5177 430 5228; x_wconf 95' lang='lat' dir='ltr'><strong>p.</strong></span> <span class='ocrx_word' id='word_1_460' title='bbox 450 5159 465 5212; x_wconf 88' lang='grc'>3</span> <span class='ocrx_word' id='word_1_461' title='bbox 483 5158 541 5212; x_wconf 90' lang='lat' dir='ltr'><strong>adn.</strong></span> <span class='ocrx_word' id='word_1_462' title='bbox 560 5159 582 5210; x_wconf 86' lang='lat'><strong>3.</strong></span> 
     </span>
    </p>
   </div>
   <div class='ocr_carea' id='block_1_6' title="bbox 0 0 2426 6101">
    <p class='ocr_par' dir='ltr' id='par_1_8' title="bbox 0 0 2426 6101">
     <span class='ocr_line' id='line_1_43' title="bbox 0 0 2426 6101; baseline 0 0"><span class='ocrx_word' id='word_1_463' title='bbox 0 0 2426 6101; x_wconf 95' lang='lat' dir='ltr'><strong> </strong></span> 
     </span>
    </p>
   </div>
  </div>
 </body>
</html>
