4844 6104
1317 545 1337 603 4

388 755 463 834 περὶ
485 743 521 809 τό
543 757 650 828 μέσον,
672 744 708 810 τό
732 747 768 812 δί
792 743 964 830 ὑπομένον·
987 737 1238 835 περιφερόμενον
1259 755 1320 830 μὲν
1343 747 1400 814 τόν
1422 751 1555 835 αἰθέρα·
1587 762 1676 826 porro
1706 743 1744 806 de
1774 743 1883 807 eadem
1905 744 2038 824 legimus
2061 745 2119 811 τόν
2140 751 2265 830 αἰθέρα

387 851 590 940 ἀραιότατον
611 849 691 922 όντα
713 865 768 921 καὶ
789 857 1069 943 εἰλικρινέστατον,
1113 855 1205 918 Nune
1227 854 1374 931 conferas,
1397 872 1476 936 quae
1499 853 1536 916 de
1560 871 1638 934 equo
1661 854 1760 935 primo
1781 854 1839 918 Dio
1862 854 1894 937 (S
1916 853 1971 936 43)
1992 854 2165 936 praedicet:

591 975 673 1048 φασὶ
695 965 762 1034 τῶν
782 970 897 1033 ἵππων
918 967 979 1034 τόν
1001 973 1128 1056 πρῶτον
1149 965 1282 1034 ἄνωθεν
1302 965 1427 1054 οἷπείρηι
1450 968 1617 1050 διαφέρειν
1636 957 1750 1031 κάλλει
1772 991 1808 1031 τε
1822 975 1877 1030 καὶ
1891 971 2025 1049 μεγέθει
2040 977 2096 1031 καὶ
2111 971 2266 1051 ταχυτῆτι

590 1069 647 1140 δότε
669 1075 802 1152 ἔξωθεν
823 1088 1058 1165 περιτρέχοντα
1080 1077 1115 1142 τό
1138 1067 1286 1163 μῆκιστον
1307 1081 1364 1143 τοῦ
1386 1067 1517 1160 δρόμου,
1541 1073 1646 1143 αὐτοῦ
1661 1075 1762 1160 Ζηνός
1785 1074 1880 1161 ἱερόν·
1904 1065 2026 1160 πτηνόν
2041 1077 2077 1142 δὲ
2091 1076 2188 1150 εἶναι,
2211 1077 2270 1161 την

591 1187 627 1252 δί
648 1177 749 1272 χρόαν
769 1185 930 1273 λαμπρόν,
955 1184 1053 1274 αὐγῆς
1076 1192 1132 1274 τῆς
1155 1178 1405 1275 καθαρωτάτης.

387 1294 482 1357 habes
497 1295 529 1357 et
543 1294 706 1376 physicum
721 1298 753 1357 et
773 1296 906 1376 poetam,
930 1294 967 1356 de
991 1294 1098 1358 eodem
1120 1295 1274 1359 dicentem
1296 1300 1475 1376 utrumque.
1502 1295 1657 1358 Nimirum
1673 1295 1771 1374 fulget
1785 1296 1899 1370 aether,
1915 1297 1953 1359 ab
1974 1297 2046 1358 orbe
2061 1294 2269 1377 progredienti

389 1404 427 1467 ad
450 1406 593 1468 centrum
613 1404 732 1487 primus
755 1408 811 1482 est,
834 1404 1021 1468 extrinsecus
1044 1407 1163 1469 ceteras
1185 1406 1296 1469 mundi
1317 1408 1422 1488 partes
1444 1405 1589 1478 includit;
1613 1405 1826 1486 magnitudine
1848 1406 1943 1486 igitur
1966 1425 2018 1470 eas
2041 1407 2181 1488 superat,
2209 1424 2268 1468 nec

388 1533 450 1578 non
472 1515 638 1591 celeritate,
661 1533 735 1578 nam
757 1514 830 1578 ioris
853 1514 1061 1580 circumvolat.
1106 1515 1295 1580 Purissimus
1319 1521 1375 1579 est.
1420 1515 1525 1596 Pergit
1548 1515 1619 1582 Dio:

591 1627 648 1695 adv
669 1628 704 1692 δὲ
718 1623 837 1692 Ἥλιον
860 1627 897 1693 ἰν
918 1623 1007 1716 αδτῷ
1030 1638 1084 1693 καὶ
1106 1628 1167 1714 την
1189 1628 1329 1715 Σελήνην
1351 1644 1467 1712 σημεῖα
1490 1631 1645 1714 προφανῆ
1667 1623 1822 1714 δρᾶσθαι,
1844 1623 1951 1714 ὅσπερ
1972 1628 2064 1710 οἶμαι
2087 1638 2143 1693 καί
2165 1629 2267 1693 τοῖνδε

589 1737 656 1804 τοῖν
677 1739 791 1804 ἵππων
813 1737 879 1803 ἐστὶ
902 1751 1025 1820 σημεῖα,
1048 1738 1090 1803 ed
1113 1745 1173 1821 μέν
1193 1738 1355 1824 μηνοειδῆ,
1378 1737 1420 1802 roi
1444 1738 1480 1802 δὲ
1501 1734 1627 1802 οἶλλοῑα.
1652 1733 1688 1819 (ξ
1701 1735 1755 1818 44)
1772 1741 1876 1803 ταῦτα
1892 1738 1928 1802 δὲ
1942 1733 1995 1820 ὑφ’
2011 1735 2105 1821 ἡμῶν
2121 1735 2268 1824 ὁρᾶσθαι

590 1859 863 1936 συνεστραμμένα,
887 1841 1048 1936 καθάπερ
1070 1847 1107 1914 ἰν
1130 1845 1211 1948 αόγη
1233 1850 1372 1937 λαμπρᾷ
1393 1847 1508 1930 φλογός
1529 1847 1715 1935 σπινθῆρας
1737 1847 1882 1935 ἰσχυροδς
1904 1848 2110 1926 διαθέοντας.
2133 1849 2219 1916 ἰδίαν
2233 1849 2269 1914 δὲ

590 1970 710 2040 κίνησιν
737 1956 822 2040 ἔχειν
850 1963 931 2022 καθ’
959 1955 1058 2024 αότά·
1088 1968 1143 2022 καὶ
1170 1951 1275 2024 τᾶλλα
1306 1955 1410 2044 ἄστρα
1437 1958 1478 2022 δι’
1502 1957 1624 2022 ἑκείνου
1653 1956 1833 2041 φαινόμενα
1864 1969 1920 2022 καί
1942 1950 2118 2041 ξύμπαντα
2147 1960 2269 2026 ἐκείνου

495 2051 497 2056 ¹
592 2066 758 2151 πεφυκότα
780 2076 859 2154 μέρη
882 2069 924 2132 roi
947 2075 1007 2150 μὲν
1028 2073 1261 2154 περιφέρεσθαι
1284 2069 1342 2134 σόν
1363 2064 1454 2156 αὐτῷ
1474 2079 1557 2150 μίαν
1578 2064 1700 2151 ταύτην
1722 2067 1839 2151 ἔχοντα
1862 2081 1991 2152 κίνησιν,
2013 2068 2056 2133 τοὶ
2089 2070 2124 2134 δὲ
2151 2065 2269 2145 ἄλλους

591 2184 669 2242 θεῖν
693 2175 837 2264 δρόμους.
862 2168 1038 2259 τυγχάνειν
1061 2178 1097 2242 δὲ
1126 2178 1218 2261 παριί
1248 2195 1313 2255 τοῖς
1337 2173 1528 2262 ἅνθροόποις
1555 2183 1663 2243 ταῦτα
1690 2185 1751 2260 μὲν
1772 2179 1851 2243 ἰδίου
1874 2184 2008 2244 ἕκαστον
2034 2176 2201 2262 όνόματος·
2225 2176 2268 2244 τοὶ

592 2287 628 2351 δὲ
650 2284 736 2352 ἄλλα
758 2287 843 2351 κατοί
868 2289 999 2371 πλῆθος
1021 2285 1147 2371 α’θρόα,
1172 2289 1431 2370 διανενεμημένα
1454 2292 1499 2366 εἴς
1522 2315 1596 2354 τινα
1620 2278 1767 2374 σχηματα
1791 2299 1846 2353 καὶ
1866 2280 2003 2372 μορφάς.

543 2394 624 2474 Quid
639 2396 686 2459 his
699 2395 755 2458 sibi
768 2395 841 2458 velit
853 2396 911 2459 Dio
926 2397 1038 2458 iterum
1054 2396 1221 2458 illustrabit
1233 2395 1423 2477 Chrysippus
1438 2397 1458 2478 ¹)
1471 2421 1477 2460 :
1497 2397 1532 2462 τό
1548 2398 1584 2462 δὲ
1600 2397 1850 2486 περιφερόμενον
1863 2395 1952 2488 αὐτῷ
1963 2400 2132 2480 ἐγκυκλίως
2144 2405 2268 2485 αἰθέρα

389 2507 484 2584 εἰναι,
507 2506 544 2574 ἰν
570 2497 657 2597 ᾧτοὶ
679 2503 784 2592 ἄστρα
806 2508 1006 2592 καθίδρυται
1026 2507 1069 2572 τά
1092 2533 1126 2572 τε
1150 2505 1283 2594 dulces
1304 2518 1359 2572 καί
1382 2506 1424 2573 τα
1448 2507 1658 2590 πλανώμενα,
1683 2515 1764 2572 θεῖα
1778 2508 1839 2594 τήν
1854 2499 1950 2589 φύσιν
1966 2506 2047 2576 όντα
2063 2521 2117 2575 καῖ
2131 2510 2268 2594 ἔμψυχα

389 2626 445 2682 καῖ
466 2615 673 2700 διοικούμενα
706 2613 790 2682 κατα
813 2619 873 2702 τήν
894 2618 1067 2702 πρόνοιαν.
1101 2616 1168 2680 Hoc
1190 2619 1333 2698 apertum
1355 2619 1415 2678 est:
1439 2619 1474 2678 ut
1496 2616 1661 2679 manifesta
1676 2616 1808 2679 aetheris
1823 2618 1934 2681 indicia
1949 2618 2095 2681 videntur
2115 2619 2153 2682 in
2176 2637 2269 2700 equo

389 2725 434 2790 sol
458 2729 489 2790 et
510 2726 593 2802 luna
614 2726 632 2792 i.
651 2744 677 2789 e.
699 2726 739 2788 in
762 2727 849 2790 orbe
872 2727 1008 2790 aetherio
1029 2727 1139 2790 inlisae
1163 2731 1237 2790 sunt
1258 2726 1374 2790 stellae.
1413 2725 1581 2806 Sequentia
1602 2744 1673 2789 vero
1696 2745 1785 2790 cruos
1808 2727 1920 2793 notavi.
1959 2727 2044 2805 Quos
2068 2729 2151 2792 enim
2173 2748 2269 2809 equos

388 2837 489 2900 verbis
534 2839 639 2904 τοῖνδε
674 2838 741 2905 τόν
776 2841 890 2906 ἵππιον
927 2838 1091 2918 significari
1127 2840 1249 2920 putas?
1314 2837 1360 2900 De
1404 2837 1538 2900 seeundo
1580 2837 1669 2899 tertio
1706 2840 1817 2916 quarto
1862 2856 1939 2918 equo
1976 2838 2083 2901 Dionis
2129 2839 2269 2902 nondum

389 2947 573 3029 disputatur.
618 2945 822 3026 Intellegendi
847 2947 942 3026 igitur
970 2951 1044 3010 sunt
1070 2948 1140 3028 equi
1168 2949 1278 3029 quibus
1307 2949 1439 3010 utuntur
1468 2947 1713 3028 Borysthenitae.
1766 2947 1826 3010 Sed
1853 2966 1955 3010 nonne
1987 2948 2129 3030 ineptum
2160 2952 2208 3011 est
2238 2953 2270 3012 et

390 3057 526 3120 alienum
549 3076 567 3120 a
589 3057 740 3137 grauitate
763 3057 854 3119 huius
884 3057 1006 3121 fabulae
1036 3059 1156 3122 eaelum
1183 3059 1342 3122 stellatum
1371 3057 1541 3138 comparari
1570 3075 1641 3118 cum
1670 3057 1750 3138 pelle
1780 3058 1893 3137 equina
1921 3059 2051 3122 maculis
2080 3063 2269 3141 conspersa?

389 3167 500 3230 Nonne
521 3167 652 3248 ineptior
674 3166 828 3230 distinctio
850 3186 929 3247 quae
951 3167 987 3230 fit
1007 3169 1088 3232 inter
1110 3171 1194 3232 varia
1215 3170 1326 3231 harum
1349 3168 1542 3230 macularum
1565 3168 1700 3246 genera?
1738 3166 1964 3231 Gravissimum
1986 3172 2091 3232 autem
2113 3173 2170 3248 est,
2187 3172 2268 3250 qnod

389 3279 421 3340 et
450 3278 542 3340 rerba
570 3276 612 3343 τοὶ
640 3286 701 3362 μὲν
729 3280 894 3364 μηνοειδῆ,
924 3280 965 3345 τοὶ
996 3281 1025 3344 δ’
1048 3279 1164 3346 όλλοῑα
1196 3298 1257 3341 non
1286 3281 1417 3360 possunt
1443 3278 1582 3357 intellegi
1610 3277 1669 3340 nisi
1700 3277 1743 3340 de
1775 3279 1914 3342 stellis
1943 3280 2039 3354 diota,
2067 3286 2098 3343 et
2124 3280 2268 3360 flagitant

391 3388 554 3468 sequentia
578 3389 702 3470 (ταῦτα
727 3389 761 3454 δὲ
784 3386 943 3475 όφ’ἠμόν
966 3388 1138 3476 ὁρᾶσθαι),
1163 3393 1198 3450 ut
1217 3388 1250 3450 in
1272 3387 1526 3469 praecedentibus
1556 3388 1672 3450 dictum
1702 3387 1743 3450 sit
1771 3387 1809 3450 de
1839 3388 1951 3451 stalli
1961 3407 1983 3451 s.
2035 3389 2127 3452 Latet
2155 3394 2268 3470 autem,

388 3498 421 3560 ni
442 3497 542 3574 fallor,
565 3499 597 3560 in
616 3507 709 3567 ΤΩΝ
719 3507 873 3566 ΔΕΤΩΝ
884 3499 956 3561 hoo:
980 3500 1054 3566 τῶν
1076 3497 1240 3586 ἄστρων,
1262 3497 1343 3578 quod
1360 3497 1516 3559 lenissime
1532 3515 1594 3559 una
1608 3500 1733 3560 tantum
1748 3498 1886 3561 litterula
1901 3498 2006 3562 addita
2020 3502 2140 3564 restitui
2156 3505 2266 3584 potest.

387 3607 561 3672 Verisimile
577 3612 680 3672 autem
693 3610 749 3688 est,
762 3609 919 3690 scripsisse
931 3608 1063 3671 Dionem
1077 3611 1152 3678 τόν
1168 3607 1289 3698 όίστροι
1298 3637 1317 3676 ν
1329 3606 1602 3680 <όποὶντον>
1615 3607 1766 3690 Corrupto
1782 3609 1864 3672 enim
1876 3610 2068 3674 substantivo
2080 3630 2139 3674 non
2152 3612 2267 3674 mirum

388 3721 436 3782 est
451 3720 546 3782 etiam
561 3699 661 3782 vicina
674 3719 777 3782 labem
792 3719 928 3784 nexisse.
953 3717 1116 3800 Subrepsit
1129 3719 1160 3782 id
1177 3718 1369 3795 vocabulum,
1380 3717 1462 3798 quod
1474 3717 1694 3782 obversabatur
1704 3720 1801 3782 menti
1818 3720 2010 3784 librariorum
2026 3719 2161 3806 (ἵππων)
2175 3723 2267 3786 simili

387 3830 488 3906 modo,
520 3849 580 3911 quo
603 3830 620 3909 ς
643 3831 684 3891 42
707 3829 804 3896 εἶπον
834 3830 1072 3910 corrumpebant
1098 3830 1130 3890 in
1159 3833 1274 3897 ίππον.
1320 3829 1468 3892 Ceterum
1496 3831 1596 3892 vanas
1627 3849 1692 3893 esse
1724 3829 1884 3893 stellarum
1912 3829 2027 3892 formas
2051 3830 2110 3894 Dio
2137 3833 2266 3896 fortasse

387 3939 533 4003 indicavit
555 3943 648 4020 atque
670 3958 780 4003 moneo
802 3939 982 4003 dissensisse
1005 3939 1042 4003 de
1064 3941 1123 4002 hac
1144 3959 1176 4002 re
1198 3939 1403 4021 philosophos,
1427 3941 1512 4002 velut
1536 3940 1699 4003 Cleanthes
1722 3941 1805 4004 conis
1831 3959 1883 4004 eas
1903 3941 2018 4006 similes
2034 3960 2100 4005 esse
2116 3942 2190 4004 dixit
2205 3962 2266 4006 non

388 4049 532 4134 globis32)
548 4050 602 4114 sed
619 4068 654 4112 ex
669 4050 728 4113 hac
741 4051 834 4113 nimis
849 4050 932 4114 brevi
948 4051 1144 4114 adnotatione
1160 4051 1203 4112 nil
1218 4051 1291 4113 certi
1308 4050 1497 4114 concludam.
1524 4050 1693 4132 Sequentia
1707 4053 1813 4114 autern
1826 4071 1911 4115 nuno
1925 4051 2142 4132 intellegimus.
2158 4053 2266 4121 ταῦτα

389 4160 472 4223 enim
494 4160 599 4224 stellas
623 4159 776 4240 significat
796 4163 920 4242 praeter
946 4162 1053 4225 lunam
1083 4171 1114 4225 et
1144 4161 1249 4238 solem,
1280 4179 1413 4242 quarum
1436 4162 1603 4240 genuinam
1625 4161 1756 4224 formam
1779 4165 1970 4226 contractam
1992 4162 2143 4238 videmus,
2166 4165 2210 4226 ita
2231 4167 2267 4226 nt

388 4269 533 4333 fiammae
564 4271 693 4334 alicuius
720 4270 872 4334 scintillae
901 4271 988 4335 nobis
1015 4272 1176 4336 videantur
1205 4272 1286 4334 claro
1316 4253 1477 4353 splendore
1512 4277 1736 4355 percurrentes.
1767 4277 1966 4350 διαθέοντας
1999 4274 2124 4336 tantum
2155 4274 2268 4355 poterit

390 4382 499 4462 aliquis
523 4381 670 4463 suspicari
694 4385 795 4444 ortum
819 4400 885 4445 esse
908 4401 944 4444 ex
966 4381 1026 4448 αἐῑ
1049 4392 1230 4460 θέοντας.
1265 4381 1348 4445 Nam
1371 4401 1493 4464 semper·
1515 4402 1637 4448 currere
1661 4375 1766 4447 stellas
1784 4385 1876 4465 (τούς
1890 4380 2028 4472 α’στέρας
2043 4383 2095 4450 αἐὶ
2110 4384 2265 4461 θεόντας)

389 4491 470 4573 apud
493 4490 696 4554 Plutarchum
719 4491 812 4556 Stoici
825 4492 852 4574 3)
873 4496 1012 4556 monent.
1057 4493 1200 4556 Dubitari
1222 4511 1312 4574 porro
1334 4495 1445 4574 potest,
1469 4494 1506 4556 de
1529 4495 1641 4575 quibus
1672 4494 1768 4557 stellis
1800 4493 1882 4556 dicta
1911 4494 1973 4556 sint
1994 4494 2088 4557 verba
2116 4495 2202 4562 ἰδίαν
2231 4497 2266 4560 δὲ

388 4615 511 4690 κίνησιν
535 4603 621 4688 ἔχειν
642 4610 722 4669 καθ’
744 4600 844 4682 αδτό,
868 4606 975 4666 utrum
1006 4604 1043 4668 de
1073 4603 1216 4668 omnibus
1246 4604 1343 4667 stellis
1376 4605 1559 4680 errantibus,
1584 4623 1622 4667 an
1646 4604 1683 4668 de
1715 4604 1780 4666 sole
1810 4605 1934 4667 tantum
1963 4605 2099 4684 lunaque
2143 4605 2266 4687 (notum

389 4711 472 4774 enim
494 4715 542 4776 est
563 4713 684 4795 proprio
705 4717 793 4777 motu
817 4717 935 4798 septem
958 4716 1079 4797 praeter
1100 4716 1142 4781 τά
1166 4713 1303 4801 οἷπλανῆ
1326 4715 1371 4777 uti
1394 4713 1523 4796 stellas.)
1563 4714 1649 4792 Quae
1672 4715 1698 4778 si
1721 4715 1758 4777 ad
1783 4715 1886 4778 omnia
1907 4715 1999 4778 huius
2022 4714 2141 4795 generis
2164 4715 2267 4778 sidera

388 4820 573 4886 referremus
595 4825 819 4888 consectarium
842 4830 933 4906 esset,
956 4828 992 4889 ut
1013 4825 1114 4890 verbis
1136 4838 1192 4892 καὶ
1214 4817 1320 4891 τᾶλλα
1336 4821 1440 4914 ἄστρα
1457 4827 1499 4891 δι’
1514 4825 1637 4893 ἐκείνου
1653 4831 1719 4893 κτλ.
1743 4825 1894 4889 transitus
1909 4825 1997 4890 lieret
2018 4825 2055 4888 ad
2081 4827 2165 4888 astra
2187 4844 2266 4906 quae

542 5012 563 5078 ¹)
582 5011 614 5064 ib.
633 5027 656 5080 p.
678 5009 752 5074 185,o
770 5009 810 5065 W.
829 5011 905 5069 466,4
923 5012 954 5064 Ι).

540 5099 561 5158 'l
579 5095 610 5148 cl.
633 5093 764 5147 Plutarch.
785 5095 816 5148 de
833 5096 897 5164 plac.
917 5096 978 5164 phil.
998 5095 1063 5160 2,14.
1101 5095 1171 5148 Diels
1189 5095 1299 5162 Doxogr.
1319 5097 1403 5148 34423
1422 5095 1455 5148 ib.
1475 5096 1515 5148 1³3.

542 5181 564 5248 Β)
582 5179 612 5234 ci.
631 5179 754 5232 Plutarch
774 5180 805 5234 de
822 5182 886 5251 plac.
906 5181 968 5250 phil.
987 5182 1038 5242 1,6.
1057 5180 1128 5233 Diels
1147 5181 1256 5247 Dorogr.
1276 5180 1375 5236 29629.
