4844 6104
1285 544 1325 604 22

1202 631 1403 640 ———

359 744 417 808 sed
448 745 542 808 etiam
571 744 679 808 eodem
708 743 799 808 moda
826 744 1042 808 necessitatem
1067 745 1200 810 habebit.
1250 746 1398 810 Absolute
1419 744 1567 826 (ἁπλοῖς)
1600 745 1683 809 anim
1714 745 1774 810 erit
1803 748 1839 824 ἐξ
1870 744 2024 834 ἀνάγκης,
2057 747 2083 810 si
2113 745 2240 828 quidem

362 855 502 919 absolute
524 855 733 918 necessarium
755 854 822 918 erat
843 873 994 934 sequens3
1017 854 1049 918 et
1069 854 1114 917 ite
1134 854 1278 938 procedet
1300 855 1463 920 conclusio.

512 964 605 1028 Nunc
626 964 752 1028 demum
774 982 899 1027 omnem
921 963 1001 1027 hanc
1022 953 1320 1044 argumentationem
1342 965 1547 1047 comperimus
1570 983 1635 1028 esse
1659 982 1696 1027 ex
1726 981 1834 1028 aarum
1864 983 2001 1042 numero,
2025 984 2102 1047 quas
2133 965 2239 1029 dicunt

360 1075 400 1138 ad
428 1074 605 1139 absurdum.
650 1073 806 1137 Dilabitur
830 1072 1070 1137 fundamentum
1097 1093 1157 1155 quo
1183 1075 1251 1138 nisa
1279 1076 1353 1141 erat.
1398 1075 1504 1156 Pergit
1525 1075 1608 1138 enirn
1638 1074 1712 1153 „scd
1742 1075 1816 1156 quia
1843 1075 1876 1137 in
1904 1074 2025 1138 infinita
2054 1076 2132 1139 seria
2161 1075 2238 1138 nihil

361 1186 507 1249 ultimum
525 1186 580 1259 est,
603 1202 639 1247 ex
661 1183 748 1247 ouius
770 1183 886 1264 origine
907 1201 962 1264 per
984 1201 1018 1246 se
1039 1185 1213 1248 necessaria
1233 1185 1366 1268 pendeat
1387 1188 1419 1249 et
1439 1185 1692 1268 praecedentium
1713 1184 1883 1250 necessitas
1906 1187 1937 1248 at
1960 1185 2026 1249 eius
2049 1204 2109 1266 quo
2130 1184 2238 1249 finitur

360 1295 463 1360 media
484 1295 589 1373 series,
611 1296 689 1357 haee
710 1313 832 1374 quoquc
855 1311 873 1356 a
894 1293 1060 1376 posteriore
1083 1313 1241 1378 suspensa,
1264 1298 1351 1378 patet
1372 1297 1476 1360 locum
1498 1315 1560 1358 non
1583 1313 1650 1359 esse
1672 1295 1705 1357 in
1731 1296 1790 1360 hac
1821 1295 2020 1376 generatione
2054 1296 2137 1358 illius
2167 1315 2239 1359 can·

265 1417 269 1426 '
360 1406 512 1485 clusionis,
536 1424 572 1469 ex
595 1423 656 1486 qua
677 1404 831 1489 profectus
853 1405 929 1478 erat,
952 1410 982 1470 ω’
1002 1404 1038 1470 ro*
1061 1413 1199 1494 πρῶτον,
1222 1409 1258 1485 ἐξ
1278 1401 1421 1490 οἷνοὲγκης
1442 1408 1479 1472 ro*
1504 1403 1647 1495 ὕστερον.

509 1515 578 1578 Iam
600 1534 671 1578 vera
693 1533 792 1577 unam
814 1514 921 1577 statim
942 1515 1082 1595 sequitur
1103 1533 1139 1577 ex
1160 1516 1218 1578 hac
1238 1516 1500 1598 interpretationis
1522 1518 1610 1597 parte
1632 1517 1703 1596 post
1723 1515 1807 1578 mala
1831 1514 1897 1578 fata
1911 1515 2011 1578 denuo
2033 1515 2236 1596 intellegibili,

358 1626 538 1706 corruptum
559 1642 627 1688 esse
651 1625 745 1688 etiam
767 1623 894 1686 titulum
915 1623 1006 1686 buius
1032 1625 1148 1706 capitis,
1170 1625 1201 1687 in
1226 1643 1285 1704 qua
1307 1626 1402 1688 verba
1423 1626 1595 1690 Aristotelis
1618 1625 1678 1688 dixi
1700 1625 1870 1688 consentire
1893 1643 1965 1688 oum
1980 1624 2080 1688 cadiae
2101 1625 2135 1690 ll.
2175 1625 2237 1689 Sed

356 1755 419 1800 non
440 1735 520 1798 hana
540 1735 704 1799 lectionem
726 1733 898 1797 Alexander
917 1733 1148 1816 interpretatur,
1171 1734 1226 1798 sed
1248 1753 1318 1798 eam
1340 1754 1434 1816 quam
1456 1736 1614 1799 Bekkerus
1635 1735 1765 1817 recapit:
1788 1733 1860 1802 aaa
1883 1733 1967 1803 οὐδ’
1985 1737 2021 1814 ἐξ
2036 1734 2235 1814 ὑποθέσεως.

356 1845 500 1908 Vidimus
522 1844 605 1908 enim
627 1843 926 1924 argumentationem
948 1862 1047 1925 usque
1071 1843 1109 1906 ad
1131 1837 1312 1934 προιόντων
1333 1845 1452 1908 ficticiis
1474 1847 1519 1908 uti
1542 1845 1729 1928 praemissis,
1758 1864 1829 1910 cum
1850 1845 1985 1926 pendeat
2007 1863 2044 1907 ex
2064 1846 2236 1908 necessario

356 1957 418 2019 fine
446 1955 583 2019 infinitae
613 1955 709 2018 seriei.
753 1953 829 2018 Hae
854 1954 977 2036 posito
1001 1955 1054 2036 (ἐξ
1075 1951 1279 2034 duodecem)
1305 1974 1376 2018 cum
1398 1956 1588 2038 paenultima
1619 1955 1833 2019 antecedentia
1862 1954 2036 2020 necessaria
2065 1971 2134 2018 esse
2166 1974 2237 2018 aon-

357 2065 547 2156 cludebatur.
593 2063 654 2127 Sed
676 2065 813 2144 legentes
834 2081 866 2126 se
888 2064 1038 2126 hactenus
1060 2064 1170 2127 lusisse
1192 2045 1392 2147 philosophus
1414 2065 1586 2129 confitetur.
1630 2064 1772 2145 Nagatur
1792 2065 1887 2145 igitur
1908 2083 1980 2128 cam
2005 2064 2068 2126 fine
2098 2064 2236 2128 infinitae

356 2175 445 2238 seriei
467 2175 561 2237 etiam
582 2172 742 2252 ὑπόθεσις
763 2173 816 2234 illa
836 2173 1001 2236 necessarii
1023 2173 1093 2236 finis
1118 2175 1149 2236 et
1170 2174 1228 2238 hoo
1250 2192 1371 2255 quoque
1394 2194 1465 2238 cum
1477 2174 1645 2257 Philopono
1659 2177 1756 2255 negat
1770 2174 1962 2239 Alexander:
1985 2174 2018 2236 in
2031 2174 2091 2238 hac
2107 2193 2236 2255 genara-

356 2285 440 2348 tiane
463 2283 579 2365 aliquid
600 2287 636 2362 ἐξ
657 2282 845 2362 ὑποθέσεως
867 2283 1074 2346 necessarium
1097 2302 1173 2347 esse.
1217 2283 1313 2348 Vides
1337 2287 1451 2362 eutem,
1475 2303 1535 2365 quo
1556 2284 1667 2348 tendat
1684 2285 1784 2350 omnis
1799 2286 1876 2348 haec
1890 2283 2057 2348 Alexandri
2072 2302 2235 2364 argumen-

355 2395 441 2458 tatio.
484 2393 556 2458 Nou
585 2393 714 2456 inveniri
737 2393 1003 2456 demonstraturus
1025 2393 1057 2456 in
1078 2392 1199 2456 infinita
1220 2394 1416 2476 generatione
1437 2395 1532 2457 talem
1554 2412 1660 2457 rerum
1683 2413 1840 2473 conexum,
1864 2413 1997 2476 quarum
2027 2394 2177 2476 posterior
2199 2413 2236 2458 ex

355 2505 454 2588 priore
469 2523 541 2568 com
553 2503 735 2567 necessitate
757 2505 887 2575 arcetur,
911 2522 982 2566 cum
1004 2503 1167 2568 Aristotele
1190 2505 1276 2586 ponit
1289 2505 1321 2566 in
1337 2504 1380 2568 cis
1395 2506 1518 2567 tantum
1533 2505 1617 2567 hunc
1630 2504 1721 2568 licere
1737 2506 1882 2581 statuere,
1904 2504 1937 2567 in
1952 2504 2064 2585 quibus
2079 2504 2233 2586 posterius

353 2615 526 2679 necessario
548 2633 602 2696 per
624 2632 656 2678 se
678 2617 833 2677 nascatur.
871 2613 968 2694 Atqui
988 2613 1109 2676 infinita
1131 2613 1224 2677 series
1246 2613 1327 2677 fine
1349 2617 1442 2678 caret.
1472 2613 1543 2677 Nan
1565 2617 1613 2677 est
1634 2614 1729 2694 igitur
1749 2614 1910 2696 posterius.
1940 2614 2052 2694 ltaque
2069 2633 2108 2678 aa
2122 2633 2235 2696 ponere

355 2725 480 2806 quidem
505 2724 578 2787 licet
599 2723 813 2806 posterius.
854 2722 933 2787 Inde
955 2723 1095 2804 sequitur
1116 2742 1178 2787 non
1199 2723 1301 2786 locum
1325 2741 1392 2786 esse
1413 2741 1518 2786 rerum
1540 2723 1595 2785 tali
1616 2724 1707 2788 moda
1730 2725 1943 2808 copulatarum
1967 2724 2000 2787 in
2024 2723 2082 2788 hac
2108 2742 2234 2806 genera-

354 2835 445 2912 tione,
462 2836 497 2896 ut
519 2833 650 2916 apriare
671 2834 864 2915 posterior
885 2833 1058 2897 necessario
1081 2834 1232 2914 gignatur,
1254 2851 1294 2896 ne
1317 2836 1353 2912 ἓξ
1372 2831 1562 2912 ὑποθέσεως
1586 2834 1721 2914 quidem.

505 2943 573 3006 Iam
594 2961 665 3006 rero
688 2961 748 3006 nan
771 2941 851 3023 fugit
880 2961 1039 3007 summum
1068 2942 1268 3024 interpretem
1299 2961 1361 3006 non
1391 2943 1483 3024 plane
1515 2943 1687 3006 consentire
1721 2963 1792 3008 cum
1818 2945 1877 3007 hac
1908 2943 2108 3026 explicatione
2141 2944 2235 3008 rerba

352 3053 535 3132 Aristotelis,
558 3069 637 3134 quae
653 3051 756 3115 addita
773 3053 859 3114 sunt:
883 3051 936 3120 αἐῑ
950 3055 1014 3141 γοὶρ
1036 3057 1145 3142 ἕτερον
1166 3053 1413 3140 ἔμπροσθεν
1435 3051 1678 3140 aversatam,
1701 3054 1743 3119 δι’
1758 3051 1775 3120 ‘0'
1791 3054 1894 3122 ἐκεῖνο
1917 3049 2044 3140 ἀνάγκη
2065 3061 2231 3137 γενέσθαι.

352 3163 426 3232 ὥστ’
447 3171 478 3230 εἰ
489 3162 534 3249 μή
557 3164 645 3229 ἔστιν
659 3157 683 3228 α’
690 3190 708 3251 ρ
715 3159 762 3247 χή
785 3163 846 3230 τοῦ
860 3160 1009 3250 σῖπσίρου,
1033 3161 1109 3230 οὐδὲ
1130 3163 1290 3252 πρῶτον
1312 3163 1403 3228 ἔσται
1426 3160 1531 3239 οὐδέν,
1554 3164 1595 3229 δι’
1618 3161 1635 3230 ὃ
1657 3160 1835 3245 αναγκαῖον
1854 3164 1945 3230 ἔσται
1960 3170 2126 3246 γενέσθαι.
2151 3164 2233 3227 Nam

352 3293 424 3351 nan,
448 3274 484 3335 ut
505 3271 636 3335 debebat
658 3270 829 3334 seeundum
851 3271 1071 3350 Alexandrum,
1094 3271 1213 3335 finem
1235 3270 1342 3335 deesse
1362 3274 1456 3352 urget
1476 3271 1668 3350 Aristoteles,
1692 3271 1746 3334 sed
1774 3272 1905 3337 initium.
1951 3271 2009 3336 aui
2039 3273 2233 3338 incommoda

352 3382 471 3445 ratione
492 3381 597 3464 paullo
623 3380 782 3444 audaciore
805 3381 934 3443 conatus
956 3383 1004 3443 est
1024 3381 1076 3444 ille
1098 3379 1227 3444 mederi.
1272 3379 1375 3444 Sumit
1397 3381 1481 3444 enim
1501 3381 1624 3443 initium
1646 3381 1790 3446 hocloco
1811 3381 1894 3446 idem
1916 3399 1983 3445 esse
2014 3382 2107 3463 atquc
2137 3382 2232 3446 finem

352 3491 556 3580 (ἄρχηνγοῖρ
577 3491 695 3560 νῦντὸ
717 3495 806 3569 τέλος
828 3492 920 3557 εἶπεν
944 3489 1096 3571 12-16).
1141 3493 1243 3571 Atque
1265 3490 1439 3553 uberiorem
1463 3489 1579 3552 iterum
1610 3509 1646 3554 ex
1676 3490 1733 3555 hao
1760 3491 1845 3554 verbi
1866 3488 1951 3579 α’ργη
1980 3491 2233 3574 interpretatione

352 3601 529 3666 Aristotelei
543 3599 699 3682 praecepti
713 3599 927 3681 paraphrasim
942 3599 1083 3682 proponit
1093 3597 1420 3683 (lt—21)Prooadere
1435 3599 1621 3680 anim,quasi
1631 3601 1668 3663 ab
1682 3600 1777 3676 initia,
1790 3600 1879 3664 afine
1892 3601 1981 3664 seriei
1993 3603 2234 3682 argumentatio-

352 3731 433 3787 nem,
444 3716 481 3774 ut
491 3710 706 3792 praecedentia
716 3709 891 3773 necessaria
902 3709 1162 3774 demonstrantur.
1196 3707 1282 3786 Quae
1299 3709 1358 3772 nisi
1370 3710 1543 3773 necessaria
1558 3710 1769 3774 demonstrata
1785 3711 1856 3786 sint,
1871 3729 1935 3774 non
1952 3711 2056 3776 valere
2070 3713 2108 3778 τό
2129 3720 2176 3779 »εἰ
2194 3715 2231 3780 ad

352 3827 489 3912 πρῶτον,
507 3823 543 3900 ἐξ
560 3810 706 3905 οἷνοὶγκης
719 3820 755 3886 rd
771 3818 932 3909 ὕστερονπ
958 3819 1042 3882 Nam
1062 3819 1095 3882 in
1117 3819 1160 3883 eis
1177 3820 1301 3882 tantum
1323 3818 1381 3882 hoc
1402 3819 1503 3882 valere
1526 3819 1696 3883 secundum
1710 3821 1918 3898 Aristotelem,
1934 3840 2066 3902 quorum
2081 3823 2233 3904 posterius

352 3930 561 3995 necessarium
576 3930 624 3995 sit,
657 3928 796 3993 Pendere
817 3929 911 4009 igitur
933 3948 969 3992 ex
990 3930 1162 3992 necessaria
1184 3928 1293 3991 ultimo
1315 3929 1347 3991 et
1367 3929 1584 3992 necessitatem
1598 3928 1735 4012 priorum
1750 3932 1782 3992 et
1795 3929 1828 3992 in
1844 3929 1973 4010 singulis
1988 3930 2120 3994 duorum
2136 3950 2234 3995 mem-

353 4043 480 4105 brorum
507 4039 750 4122 copulationibus
772 4040 934 4102 veritatem
956 4043 1016 4107 aad
1042 4045 1089 4106 »οἱ
1106 4041 1143 4106 τὸ
1166 4045 1300 4127 πρῶτον,
1323 4041 1360 4117 ἐξ
1381 4037 1524 4125 α’νοὶγκης
1544 4040 1582 4105 τό
1606 4036 1767 4128 ὕστερον.
1802 4037 1893 4117 Quod
1914 4042 2071 4104 utrarum
2087 4041 2234 4105 reddatur

353 4168 481 4214 necessa
504 4167 570 4213 esse
592 4149 687 4212 finam
710 4148 899 4231 deprehendi
920 4167 1019 4231 passe.
1064 4147 1238 4229 Diligenter
1260 4150 1366 4211 autem
1390 4147 1648 4230 circumspicienti
1678 4167 1738 4229 quo
1766 4148 2054 4231 interpretationem
2074 4151 2232 4215 insolitam

351 4260 463 4336 firmet,
486 4259 579 4322 verba
600 4277 634 4322 se
664 4259 808 4323 obferunt
831 4260 892 4321 338
902 4257 937 4318 ⁸6
959 4258 1084 4327 τούτων
1106 4260 1135 4325 δ’
1157 4263 1248 4347 εἴπερ
1270 4257 1361 4324 ἔσται
1382 4257 1496 4338 α’ίδιος,
1520 4255 1577 4328 oda
1598 4265 1642 4336 εἰς
1664 4257 1748 4327 adad
1772 4250 1846 4326 οἷον
1867 4287 1904 4326 τε
1930 4261 1986 4328 δια
2009 4262 2046 4328 τὸ
2072 4263 2232 4350 μηδαμῶς

352 4370 439 4439 εἶναι
469 4366 572 4459 ἀρχὴν
597 4367 674 4457 μήτ’
697 4367 742 4436 ἄν
771 4367 857 4436 κάτω
880 4371 1026 4436 ἐπὶτῶν
1048 4369 1206 4452 ἐσομένων
1227 4371 1488 4452 λαμβανομένων
1509 4368 1582 4456 μήν’
1605 4367 1648 4437 ἄν
1669 4366 1739 4437 ἄνω
1763 4370 1820 4436 ἐπὶ
1842 4370 1910 4439 τῶν
1931 4383 2141 4456 γιγνομένων.
2186 4369 2234 4434 lbi

351 4479 435 4543 enim
459 4482 490 4542 et
511 4479 695 4562 principium
718 4480 750 4542 et
772 4479 888 4542 exitum
909 4477 1032 4541 initium
1054 4479 1154 4540 vocari
1177 4475 1341 4562 (ar-25).

505 4588 645 4670 Denique
669 4591 774 4652 autem
795 4585 944 4670 principia
964 4587 1019 4650 illa
1047 4587 1079 4650 et
1107 4586 1199 4650 finale
1230 4589 1262 4650 et
1291 4587 1409 4650 initiale
1439 4587 1521 4650 inter
1552 4607 1584 4652 se
1611 4588 1801 4670 compararit
1821 4587 1994 4652 Alexander
2021 4592 2053 4653 et
2079 4589 2234 4670 quomado

350 4699 483 4778 utroque
499 4698 635 4762 stabilita
650 4716 726 4780 opus
743 4698 783 4760 sit
799 4697 837 4760 ad
859 4697 1022 4761 veritatem
1044 4696 1320 4760 demonstrandam
1341 4701 1400 4766 rari
1418 4704 1466 4763 »εἰ
1478 4694 1514 4763 οδ
1531 4699 1668 4788 πρῶτον,
1686 4699 1723 4775 ἐξ
1737 4696 1881 4787 α’νοὶγκης
1897 4701 1933 4766 ad
1950 4695 2115 4788 tarraco«)
2131 4700 2233 4764 verbis

350 4809 440 4872 docet
457 4809 611 4883 extremis,
628 4827 708 4889 quae
723 4826 823 4870 unum
836 4807 946 4871 vitium
961 4825 1045 4869 nunc
1060 4807 1220 4870 obseurat:
1235 4808 1370 4874 ἔσεσθαι
1386 4807 1469 4870 enim
1491 4811 1671 4890 corruptum
1686 4809 1740 4871 est.
1777 4805 1900 4872 Scribas
1921 4806 1980 4896 την
1994 4817 2056 4894 μὲν
2071 4803 2130 4879 οὖν
2145 4810 2233 4878 κάτω

349 4921 401 4987 δεῖ
427 4919 512 4987 εἶναι
543 4912 656 5007 α’ρχήν,
688 4924 719 4985 εἰ
742 4920 853 5002 μέλλοι
878 4918 915 4983 τό
941 4915 1055 4996 ἁπλῶς
1077 4915 1258 4998 α’ναγκαῐον
1280 4922 1362 4996 ἕξειν
1383 4917 1424 4984 τοὶ
1448 4908 1614 5002 γινόμενα,
1635 4914 1686 4985 ῧτι
1708 4917 1752 5010 aa}
1776 4920 1871 4988 τοῦτο
1893 4917 2094 4987 ὑποκεῖσθαι
2117 4918 2232 4998 ἅπλῶς

349 5027 536 5111 οἷναγκαίως
546 5032 618 5096 ἕπε
627 5038 680 5096 σθ
689 5057 730 5096 αι
743 5027 845 5119 τούτῳ
858 5026 984 5115 α’ληθὲς
994 5028 1118 5110 ἐγίνετο
1130 5025 1247 5100 <σο“>
1269 5033 1317 5092 ’aa'
1329 5027 1365 5094 τὸ
1377 5026 1515 5114 πρῶτον,
1527 5028 1564 5107 ἐξ
1573 5026 1711 5118 ἀνάγκης
1726 5041 1780 5096 καῖ
1796 5030 1833 5096 τὸ
1849 5027 2007 5118 iimreca«,
2023 5032 2083 5117 τήν
2099 5032 2135 5098 δὲ
2149 5029 2230 5114 ἄνω,

348 5136 398 5206 ὅτι
411 5135 495 5209 οὕτω
513 5138 721 5224 δυνησόμεθα
733 5143 847 5219 λαβσῑν
857 5138 911 5204 aa<
928 5144 958 5205 εἰ
966 5138 1002 5204 τὸ
1014 5143 1144 5226 πρῶτον
1153 5135 1191 5204 ου’
1204 5135 1342 5227 &crepam
1365 5137 1432 5200 Hac
1444 5139 1527 5200 enim
1540 5137 1663 5234 dicit-7
1673 5138 1795 5203 difficile
1807 5140 1914 5202 autem
1925 5141 2121 5204 enuntiatum
2137 5159 2235 5222 quam
