<?xml version="1.0" encoding="UTF-8"?>
<!DOCTYPE html PUBLIC "-//W3C//DTD XHTML 1.0 Transitional//EN"
    "http://www.w3.org/TR/xhtml1/DTD/xhtml1-transitional.dtd">
<html xmlns="http://www.w3.org/1999/xhtml" xml:lang="en" lang="en">
 <head>
  <title>
</title>
<meta http-equiv="Content-Type" content="text/html;charset=utf-8" />
  <meta name='ocr-system' content='tesseract 3.04.00' />
  <meta name='ocr-capabilities' content='ocr_page ocr_carea ocr_par ocr_line ocrx_word'/>
</head>
<body>
  <div class='ocr_page' id='page_1' title='image "./dedionechrysost00brungoog_0027.png"; bbox 0 0 4844 6104; ppageno 0'>
   <div class='ocr_carea' id='block_1_1' title="bbox 1211 521 1412 615">
    <p class='ocr_par' dir='ltr' id='par_1_1' title="bbox 1211 521 1412 615">
     <span class='ocr_line' id='line_1_1' title="bbox 1211 521 1412 615; baseline 0.005 -1"><span class='ocrx_word' id='word_1_1' title='bbox 1211 521 1412 615; x_wconf 39' lang='lat' dir='ltr'>wll*</span> 
     </span>
    </p>
   </div>
   <div class='ocr_carea' id='block_1_2' title="bbox 373 715 2261 4870">
    <p class='ocr_par' dir='ltr' id='par_1_2' title="bbox 373 715 2256 2350">
     <span class='ocr_line' id='line_1_2' title="bbox 578 715 2256 814; baseline -0.003 -22"><span class='ocrx_word' id='word_1_2' title='bbox 578 721 795 813; x_wconf 70' lang='grc' dir='ltr'><strong><em>διηγήσασθαι</em></strong></span> <span class='ocrx_word' id='word_1_3' title='bbox 818 734 892 813; x_wconf 82' lang='grc' dir='ltr'><strong><em>περὶ</em></strong></span> <span class='ocrx_word' id='word_1_4' title='bbox 913 721 971 793; x_wconf 68' lang='lat' dir='ltr'>aad</span> <span class='ocrx_word' id='word_1_5' title='bbox 992 736 1143 814; x_wconf 84' lang='grc' dir='ltr'><strong><em>σφετέρου</em></strong></span> <span class='ocrx_word' id='word_1_6' title='bbox 1165 721 1308 812; x_wconf 86' lang='grc' dir='ltr'><strong><em>πατρός,·</em></strong></span> <span class='ocrx_word' id='word_1_7' title='bbox 1339 728 1384 814; x_wconf 75' lang='grc' dir='ltr'>τῷ</span> <span class='ocrx_word' id='word_1_8' title='bbox 1413 732 1513 791; x_wconf 72' lang='grc' dir='ltr'><strong><em>παντὶ</em></strong></span> <span class='ocrx_word' id='word_1_9' title='bbox 1542 723 1606 813; x_wconf 78' lang='grc' dir='ltr'>γάρ</span> <span class='ocrx_word' id='word_1_10' title='bbox 1626 725 1752 806; x_wconf 81' lang='grc' dir='ltr'><strong><em>μᾶλλον</em></strong></span> <span class='ocrx_word' id='word_1_11' title='bbox 1773 735 1902 812; x_wconf 79' lang='grc' dir='ltr'><em>πρέπον</em></span> <span class='ocrx_word' id='word_1_12' title='bbox 1922 721 1995 789; x_wconf 88' lang='grc' dir='ltr'><strong><em>τόδε</em></strong></span> <span class='ocrx_word' id='word_1_13' title='bbox 2017 721 2053 788; x_wconf 83' lang='grc' dir='ltr'>τό</span> <span class='ocrx_word' id='word_1_14' title='bbox 2077 715 2165 812; x_wconf 78' lang='grc' dir='ltr'><strong><em>ᾆσμα</em></strong></span> <span class='ocrx_word' id='word_1_15' title='bbox 2180 739 2256 799; x_wconf 86' lang='grc' dir='ltr'><strong><em>ταῖς</em></strong></span> 
     </span>
     <span class='ocr_line' id='line_1_3' title="bbox 578 826 2251 922; baseline -0.002 -20"><span class='ocrx_word' id='word_1_16' title='bbox 578 843 676 913; x_wconf 70' lang='grc' dir='ltr'><strong><em>θεαῖς</em></strong></span> <span class='ocrx_word' id='word_1_17' title='bbox 696 833 717 922; x_wconf 80' lang='grc' dir='ltr'><em>ἢ</em></span> <span class='ocrx_word' id='word_1_18' title='bbox 739 835 812 913; x_wconf 80' lang='grc' dir='ltr'><strong><em>τοδς</em></strong></span> <span class='ocrx_word' id='word_1_19' title='bbox 833 835 890 901; x_wconf 70' lang='grc' dir='ltr'>ἐπὶ</span> <span class='ocrx_word' id='word_1_20' title='bbox 905 831 1006 901; x_wconf 82' lang='grc' dir='ltr'><strong><em>Ἴλιον</em></strong></span> <span class='ocrx_word' id='word_1_21' title='bbox 1027 826 1192 912; x_wconf 70' lang='grc' dir='ltr'><strong><em>ἐλθόντας</em></strong></span> <span class='ocrx_word' id='word_1_22' title='bbox 1214 832 1381 922; x_wconf 69' lang='grc' dir='ltr'><strong><em>ἀριθμεῖν,</em></strong></span> <span class='ocrx_word' id='word_1_23' title='bbox 1406 829 1524 912; x_wconf 72' lang='grc' dir='ltr'><strong><em>αὐτούς</em></strong></span> <span class='ocrx_word' id='word_1_24' title='bbox 1545 861 1581 900; x_wconf 88' lang='grc' dir='ltr'>τε</span> <span class='ocrx_word' id='word_1_25' title='bbox 1602 845 1658 899; x_wconf 74' lang='grc' dir='ltr'><strong><em>καὶ</em></strong></span> <span class='ocrx_word' id='word_1_26' title='bbox 1680 829 1721 899; x_wconf 78' lang='grc' dir='ltr'>τά</span> <span class='ocrx_word' id='word_1_27' title='bbox 1744 836 1890 918; x_wconf 79' lang='grc' dir='ltr'><strong><em>σέλματα</em></strong></span> <span class='ocrx_word' id='word_1_28' title='bbox 1920 840 1984 901; x_wconf 82' lang='grc' dir='ltr'>τῶν</span> <span class='ocrx_word' id='word_1_29' title='bbox 2014 838 2095 900; x_wconf 80' lang='grc' dir='ltr'><strong><em>νεῶν</em></strong></span> <span class='ocrx_word' id='word_1_30' title='bbox 2125 831 2251 920; x_wconf 71' lang='grc' dir='ltr'><strong><em>ἑφεξῆς,</em></strong></span> 
     </span>
     <span class='ocr_line' id='line_1_4' title="bbox 578 937 2253 1032; baseline -0.002 -20"><span class='ocrx_word' id='word_1_31' title='bbox 578 938 625 1012; x_wconf 79' lang='grc' dir='ltr'>τόν</span> <span class='ocrx_word' id='word_1_32' title='bbox 657 951 687 1012; x_wconf 75' lang='grc' dir='ltr'>οῖ</span> <span class='ocrx_word' id='word_1_33' title='bbox 714 947 830 1012; x_wconf 83' lang='grc' dir='ltr'><strong><em>πολλοὶ</em></strong></span> <span class='ocrx_word' id='word_1_34' title='bbox 863 939 993 1030; x_wconf 79' lang='grc' dir='ltr'><strong><em>οἷνόητοι</em></strong></span> <span class='ocrx_word' id='word_1_35' title='bbox 1024 937 1118 1028; x_wconf 76' lang='grc' dir='ltr'><strong><em>ἦσαν·</em></strong></span> <span class='ocrx_word' id='word_1_36' title='bbox 1144 955 1198 1010; x_wconf 80' lang='grc' dir='ltr'><strong><em>καὶ</em></strong></span> <span class='ocrx_word' id='word_1_37' title='bbox 1230 943 1363 1028; x_wconf 76' lang='grc' dir='ltr'><strong><em>ποιητής</em></strong></span> <span class='ocrx_word' id='word_1_38' title='bbox 1392 941 1568 1032; x_wconf 75' lang='grc' dir='ltr'><strong><em>σοφώτερός</em></strong></span> <span class='ocrx_word' id='word_1_39' title='bbox 1592 971 1628 1010; x_wconf 87' lang='grc' dir='ltr'>τε·</span> <span class='ocrx_word' id='word_1_40' title='bbox 1654 955 1709 1010; x_wconf 77' lang='grc' dir='ltr'><strong><em>καὶ</em></strong></span> <span class='ocrx_word' id='word_1_41' title='bbox 1736 942 1881 1028; x_wconf 77' lang='grc' dir='ltr'><strong><em>α’μεένων</em></strong></span> <span class='ocrx_word' id='word_1_42' title='bbox 1910 942 1928 1009; x_wconf 84' lang='grc' dir='ltr'><strong><em>ό</em></strong></span> <span class='ocrx_word' id='word_1_43' title='bbox 1958 943 2165 1028; x_wconf 78' lang='grc' dir='ltr'><strong><em>παρακαλῶν</em></strong></span> <span class='ocrx_word' id='word_1_44' title='bbox 2193 945 2253 1010; x_wconf 68' lang='grc' dir='ltr'>ἐπὶ</span> 
     </span>
     <span class='ocr_line' id='line_1_5' title="bbox 576 1046 1026 1143; baseline -0.011 -21"><span class='ocrx_word' id='word_1_45' title='bbox 576 1061 671 1124; x_wconf 85' lang='grc' dir='ltr'><strong><em>τοῦτο</em></strong></span> <span class='ocrx_word' id='word_1_46' title='bbox 694 1056 730 1121; x_wconf 82' lang='grc' dir='ltr'>τό</span> <span class='ocrx_word' id='word_1_47' title='bbox 753 1057 845 1143; x_wconf 83' lang='grc' dir='ltr'><strong><em>ε”ργον</em></strong></span> <span class='ocrx_word' id='word_1_48' title='bbox 865 1046 931 1120; x_wconf 76' lang='grc' dir='ltr'>ὧδέ</span> <span class='ocrx_word' id='word_1_49' title='bbox 950 1081 1026 1132; x_wconf 89' lang='grc' dir='ltr'><strong><em>πως.</em></strong></span> 
     </span>
     <span class='ocr_line' id='line_1_6' title="bbox 375 1160 2254 1246; baseline -0.001 -19"><span class='ocrx_word' id='word_1_50' title='bbox 375 1163 515 1245; x_wconf 84' lang='lat' dir='ltr'>sequitur</span> <span class='ocrx_word' id='word_1_51' title='bbox 546 1163 669 1227; x_wconf 88' lang='lat' dir='ltr'>initium</span> <span class='ocrx_word' id='word_1_52' title='bbox 704 1163 927 1228; x_wconf 89' lang='lat' dir='ltr'>Hesiodeorum</span> <span class='ocrx_word' id='word_1_53' title='bbox 960 1181 1087 1246; x_wconf 90' lang='lat' dir='ltr'>operum</span> <span class='ocrx_word' id='word_1_54' title='bbox 1120 1164 1152 1225; x_wconf 91' lang='lat' dir='ltr'>et</span> <span class='ocrx_word' id='word_1_55' title='bbox 1182 1160 1313 1225; x_wconf 87' lang='lat' dir='ltr'>dierum.</span> <span class='ocrx_word' id='word_1_56' title='bbox 1361 1160 1517 1226; x_wconf 73' lang='lat' dir='ltr'>concedes</span> <span class='ocrx_word' id='word_1_57' title='bbox 1549 1163 1607 1225; x_wconf 91' lang='lat' dir='ltr'>hoo</span> <span class='ocrx_word' id='word_1_58' title='bbox 1639 1161 1739 1226; x_wconf 90' lang='lat' dir='ltr'>dicere</span> <span class='ocrx_word' id='word_1_59' title='bbox 1771 1162 1913 1241; x_wconf 85' lang='lat' dir='ltr'>Dionem,</span> <span class='ocrx_word' id='word_1_60' title='bbox 1945 1161 2151 1244; x_wconf 77' lang='lat' dir='ltr'>incipiendam</span> <span class='ocrx_word' id='word_1_61' title='bbox 2184 1181 2254 1226; x_wconf 87' lang='lat' dir='ltr'>esse</span> 
     </span>
     <span class='ocr_line' id='line_1_7' title="bbox 373 1271 2253 1357; baseline -0.001 -21"><span class='ocrx_word' id='word_1_62' title='bbox 373 1273 545 1337; x_wconf 89' lang='lat' dir='ltr'>orationem</span> <span class='ocrx_word' id='word_1_63' title='bbox 568 1292 639 1337; x_wconf 91' lang='lat' dir='ltr'>curn</span> <span class='ocrx_word' id='word_1_64' title='bbox 661 1273 794 1337; x_wconf 87' lang='lat' dir='ltr'>Hesiodo</span> <span class='ocrx_word' id='word_1_65' title='bbox 816 1273 835 1338; x_wconf 93' lang='lat' dir='ltr'>i.</span> <span class='ocrx_word' id='word_1_66' title='bbox 859 1292 885 1338; x_wconf 91' lang='lat' dir='ltr'>e.</span> <span class='ocrx_word' id='word_1_67' title='bbox 907 1272 1092 1357; x_wconf 88' lang='lat' dir='ltr'>repetendos</span> <span class='ocrx_word' id='word_1_68' title='bbox 1114 1289 1180 1336; x_wconf 89' lang='lat' dir='ltr'>esse</span> <span class='ocrx_word' id='word_1_69' title='bbox 1201 1271 1338 1353; x_wconf 90' lang='lat' dir='ltr'>primum</span> <span class='ocrx_word' id='word_1_70' title='bbox 1351 1271 1435 1335; x_wconf 89' lang='lat' dir='ltr'>illius</span> <span class='ocrx_word' id='word_1_71' title='bbox 1457 1272 1565 1353; x_wconf 89' lang='lat' dir='ltr'>poetae</span> <span class='ocrx_word' id='word_1_72' title='bbox 1581 1289 1688 1335; x_wconf 87' lang='lat' dir='ltr'>versus</span> <span class='ocrx_word' id='word_1_73' title='bbox 1703 1272 1742 1335; x_wconf 89' lang='lat' dir='ltr'>ad</span> <span class='ocrx_word' id='word_1_74' title='bbox 1757 1272 1976 1336; x_wconf 88' lang='lat' dir='ltr'>celebrandum</span> <span class='ocrx_word' id='word_1_75' title='bbox 1991 1272 2096 1336; x_wconf 85' lang='lat' dir='ltr'>Iovem</span> <span class='ocrx_word' id='word_1_76' title='bbox 2112 1273 2253 1355; x_wconf 91' lang='lat' dir='ltr'>scriptos.</span> 
     </span>
     <span class='ocr_line' id='line_1_8' title="bbox 378 1380 2254 1466; baseline -0.001 -20"><span class='ocrx_word' id='word_1_77' title='bbox 378 1382 464 1447; x_wconf 87' lang='lat' dir='ltr'>Haec</span> <span class='ocrx_word' id='word_1_78' title='bbox 489 1384 643 1446; x_wconf 88' lang='lat' dir='ltr'>sententia</span> <span class='ocrx_word' id='word_1_79' title='bbox 664 1383 737 1446; x_wconf 92' lang='lat' dir='ltr'>licet</span> <span class='ocrx_word' id='word_1_80' title='bbox 757 1397 814 1466; x_wconf 87' lang='lat' dir='ltr'>per</span> <span class='ocrx_word' id='word_1_81' title='bbox 835 1401 868 1447; x_wconf 90' lang='lat' dir='ltr'>se</span> <span class='ocrx_word' id='word_1_82' title='bbox 890 1384 1006 1466; x_wconf 88' lang='lat' dir='ltr'>optima</span> <span class='ocrx_word' id='word_1_83' title='bbox 1028 1384 1069 1446; x_wconf 87' lang='lat' dir='ltr'>sit</span> <span class='ocrx_word' id='word_1_84' title='bbox 1088 1380 1238 1462; x_wconf 82' lang='lat' dir='ltr'>valdeque</span> <span class='ocrx_word' id='word_1_85' title='bbox 1260 1384 1333 1464; x_wconf 88' lang='lat' dir='ltr'>apta</span> <span class='ocrx_word' id='word_1_86' title='bbox 1355 1380 1383 1444; x_wconf 92' lang='lat' dir='ltr'>ei</span> <span class='ocrx_word' id='word_1_87' title='bbox 1404 1380 1541 1456; x_wconf 77' lang='lat' dir='ltr'>orationi,</span> <span class='ocrx_word' id='word_1_88' title='bbox 1563 1381 1593 1444; x_wconf 93' lang='lat' dir='ltr'>in</span> <span class='ocrx_word' id='word_1_89' title='bbox 1618 1381 1773 1461; x_wconf 80' lang='lat' dir='ltr'>qualevis</span> <span class='ocrx_word' id='word_1_90' title='bbox 1795 1383 1902 1446; x_wconf 88' lang='lat' dir='ltr'>laudes</span> <span class='ocrx_word' id='word_1_91' title='bbox 1924 1383 2123 1465; x_wconf 82' lang='lat' dir='ltr'>explicantur,</span> <span class='ocrx_word' id='word_1_92' title='bbox 2146 1383 2254 1445; x_wconf 89' lang='lat' dir='ltr'>tamen</span> 
     </span>
     <span class='ocr_line' id='line_1_9' title="bbox 374 1490 2254 1575; baseline -0.001 -20"><span class='ocrx_word' id='word_1_93' title='bbox 374 1493 407 1556; x_wconf 90' lang='lat' dir='ltr'>in</span> <span class='ocrx_word' id='word_1_94' title='bbox 431 1511 468 1557; x_wconf 91' lang='lat' dir='ltr'>ea</span> <span class='ocrx_word' id='word_1_95' title='bbox 488 1495 575 1575; x_wconf 86' lang='lat' dir='ltr'>parte</span> <span class='ocrx_word' id='word_1_96' title='bbox 597 1493 743 1557; x_wconf 91' lang='lat' dir='ltr'>orationis</span> <span class='ocrx_word' id='word_1_97' title='bbox 764 1493 958 1575; x_wconf 87' lang='lat' dir='ltr'>ineptissima</span> <span class='ocrx_word' id='word_1_98' title='bbox 979 1495 1034 1568; x_wconf 81' lang='lat' dir='ltr'>est,</span> <span class='ocrx_word' id='word_1_99' title='bbox 1060 1492 1092 1555; x_wconf 93' lang='lat' dir='ltr'>in</span> <span class='ocrx_word' id='word_1_100' title='bbox 1120 1509 1182 1572; x_wconf 91' lang='lat' dir='ltr'>qua</span> <span class='ocrx_word' id='word_1_101' title='bbox 1215 1490 1355 1555; x_wconf 91' lang='lat' dir='ltr'>nondum</span> <span class='ocrx_word' id='word_1_102' title='bbox 1385 1490 1422 1554; x_wconf 89' lang='lat' dir='ltr'>do</span> <span class='ocrx_word' id='word_1_103' title='bbox 1454 1491 1614 1554; x_wconf 88' lang='lat' dir='ltr'>tractando</span> <span class='ocrx_word' id='word_1_104' title='bbox 1640 1493 1822 1571; x_wconf 84' lang='lat' dir='ltr'>argumento</span> <span class='ocrx_word' id='word_1_105' title='bbox 1853 1494 1983 1556; x_wconf 86' lang='lat' dir='ltr'>constat.</span> <span class='ocrx_word' id='word_1_106' title='bbox 2034 1492 2135 1556; x_wconf 90' lang='lat' dir='ltr'>Nemo</span> <span class='ocrx_word' id='word_1_107' title='bbox 2169 1492 2254 1555; x_wconf 91' lang='lat' dir='ltr'>enim</span> 
     </span>
     <span class='ocr_line' id='line_1_10' title="bbox 374 1599 2254 1685; baseline -0.001 -18"><span class='ocrx_word' id='word_1_108' title='bbox 374 1603 546 1667; x_wconf 87' lang='lat' dir='ltr'>orationem</span> <span class='ocrx_word' id='word_1_109' title='bbox 567 1603 681 1685; x_wconf 91' lang='lat' dir='ltr'>incipit,</span> <span class='ocrx_word' id='word_1_110' title='bbox 704 1602 885 1685; x_wconf 90' lang='lat' dir='ltr'>prinsquam</span> <span class='ocrx_word' id='word_1_111' title='bbox 908 1603 945 1667; x_wconf 90' lang='lat' dir='ltr'>de</span> <span class='ocrx_word' id='word_1_112' title='bbox 968 1621 1029 1683; x_wconf 91' lang='lat' dir='ltr'>qua</span> <span class='ocrx_word' id='word_1_113' title='bbox 1049 1621 1083 1665; x_wconf 85' lang='lat' dir='ltr'>re</span> <span class='ocrx_word' id='word_1_114' title='bbox 1106 1601 1163 1665; x_wconf 90' lang='lat' dir='ltr'>sibi</span> <span class='ocrx_word' id='word_1_115' title='bbox 1185 1600 1350 1665; x_wconf 88' lang='lat' dir='ltr'>dicendum</span> <span class='ocrx_word' id='word_1_116' title='bbox 1381 1600 1422 1663; x_wconf 88' lang='lat' dir='ltr'>sit</span> <span class='ocrx_word' id='word_1_117' title='bbox 1452 1599 1582 1664; x_wconf 80' lang='lat' dir='ltr'>sciverit.</span> <span class='ocrx_word' id='word_1_118' title='bbox 1625 1601 1662 1664; x_wconf 94' lang='lat' dir='ltr'>Id</span> <span class='ocrx_word' id='word_1_119' title='bbox 1685 1603 1789 1664; x_wconf 88' lang='lat' dir='ltr'>autern</span> <span class='ocrx_word' id='word_1_120' title='bbox 1811 1601 1909 1665; x_wconf 90' lang='lat' dir='ltr'>nescit</span> <span class='ocrx_word' id='word_1_121' title='bbox 1934 1601 1992 1665; x_wconf 88' lang='lat' dir='ltr'>hoc</span> <span class='ocrx_word' id='word_1_122' title='bbox 2019 1604 2157 1684; x_wconf 86' lang='lat' dir='ltr'>tempore</span> <span class='ocrx_word' id='word_1_123' title='bbox 2183 1601 2254 1676; x_wconf 86' lang='lat' dir='ltr'>Dio,</span> 
     </span>
     <span class='ocr_line' id='line_1_11' title="bbox 376 1710 2254 1796; baseline -0.002 -20"><span class='ocrx_word' id='word_1_124' title='bbox 376 1732 451 1776; x_wconf 91' lang='lat' dir='ltr'>nam</span> <span class='ocrx_word' id='word_1_125' title='bbox 473 1716 493 1793; x_wconf 66' lang='grc' dir='ltr'>ἓ</span> <span class='ocrx_word' id='word_1_126' title='bbox 515 1715 556 1776; x_wconf 82' lang='grc'>25</span> <span class='ocrx_word' id='word_1_127' title='bbox 577 1714 692 1777; x_wconf 86' lang='lat' dir='ltr'>iterum</span> <span class='ocrx_word' id='word_1_128' title='bbox 714 1732 750 1777; x_wconf 88' lang='lat' dir='ltr'>er</span> <span class='ocrx_word' id='word_1_129' title='bbox 771 1712 976 1791; x_wconf 86' lang='lat' dir='ltr'>Elidensibus,</span> <span class='ocrx_word' id='word_1_130' title='bbox 999 1731 1093 1796; x_wconf 88' lang='lat' dir='ltr'>penes</span> <span class='ocrx_word' id='word_1_131' title='bbox 1117 1730 1192 1792; x_wconf 88' lang='lat' dir='ltr'>quos</span> <span class='ocrx_word' id='word_1_132' title='bbox 1215 1711 1251 1775; x_wconf 90' lang='lat' dir='ltr'>de</span> <span class='ocrx_word' id='word_1_133' title='bbox 1267 1712 1325 1774; x_wconf 90' lang='lat' dir='ltr'>hac</span> <span class='ocrx_word' id='word_1_134' title='bbox 1345 1730 1379 1775; x_wconf 88' lang='lat' dir='ltr'>ro</span> <span class='ocrx_word' id='word_1_135' title='bbox 1393 1710 1577 1774; x_wconf 90' lang='lat' dir='ltr'>decernendi</span> <span class='ocrx_word' id='word_1_136' title='bbox 1593 1710 1754 1774; x_wconf 80' lang='lat' dir='ltr'>arbitrium</span> <span class='ocrx_word' id='word_1_137' title='bbox 1769 1711 1905 1793; x_wconf 88' lang='lat' dir='ltr'>positum</span> <span class='ocrx_word' id='word_1_138' title='bbox 1925 1712 1976 1785; x_wconf 80' lang='lat' dir='ltr'>sit</span> <span class='ocrx_word' id='word_1_139' title='bbox 1993 1711 2123 1792; x_wconf 88' lang='lat' dir='ltr'>quaerit,</span> <span class='ocrx_word' id='word_1_140' title='bbox 2144 1712 2254 1774; x_wconf 89' lang='lat' dir='ltr'>utrum</span> 
     </span>
     <span class='ocr_line' id='line_1_12' title="bbox 376 1820 2222 1906; baseline -0.003 -20"><span class='ocrx_word' id='word_1_141' title='bbox 376 1823 457 1887; x_wconf 87' lang='lat' dir='ltr'>Iovis</span> <span class='ocrx_word' id='word_1_142' title='bbox 479 1823 587 1887; x_wconf 91' lang='lat' dir='ltr'>laudes</span> <span class='ocrx_word' id='word_1_143' title='bbox 610 1823 716 1887; x_wconf 87' lang='lat' dir='ltr'>audire</span> <span class='ocrx_word' id='word_1_144' title='bbox 739 1841 779 1886; x_wconf 90' lang='lat' dir='ltr'>an</span> <span class='ocrx_word' id='word_1_145' title='bbox 801 1825 989 1906; x_wconf 79' lang='lat' dir='ltr'>spectatores</span> <span class='ocrx_word' id='word_1_146' title='bbox 1011 1821 1226 1886; x_wconf 89' lang='lat' dir='ltr'>tantummodo</span> <span class='ocrx_word' id='word_1_147' title='bbox 1247 1821 1343 1884; x_wconf 87' lang='lat' dir='ltr'>velint</span> <span class='ocrx_word' id='word_1_148' title='bbox 1365 1839 1431 1884; x_wconf 91' lang='lat' dir='ltr'>esse</span> <span class='ocrx_word' id='word_1_149' title='bbox 1454 1821 1529 1884; x_wconf 88' lang='lat' dir='ltr'>artis</span> <span class='ocrx_word' id='word_1_150' title='bbox 1551 1820 1715 1884; x_wconf 83' lang='lat' dir='ltr'>Phidiacae</span> <span class='ocrx_word' id='word_1_151' title='bbox 1737 1820 1882 1884; x_wconf 89' lang='lat' dir='ltr'>ludorum</span> <span class='ocrx_word' id='word_1_152' title='bbox 1903 1822 2068 1904; x_wconf 82' lang='lat' dir='ltr'>participes</span> <span class='ocrx_word' id='word_1_153' title='bbox 2091 1821 2125 1905; x_wconf 65' lang='grc' dir='ltr'>(ξ</span> <span class='ocrx_word' id='word_1_154' title='bbox 2148 1821 2222 1906; x_wconf 82' lang='grc'>25);</span> 
     </span>
     <span class='ocr_line' id='line_1_13' title="bbox 580 1923 2252 2032; baseline -0.003 -30"><span class='ocrx_word' id='word_1_155' title='bbox 580 1932 802 2012; x_wconf 75' lang='grc' dir='ltr'><strong><em>ὑπολαβόντες</em></strong></span> <span class='ocrx_word' id='word_1_156' title='bbox 824 1927 883 2002; x_wconf 75' lang='grc' dir='ltr'><strong><em>οὖν</em></strong></span> <span class='ocrx_word' id='word_1_157' title='bbox 904 1939 1032 2010; x_wconf 80' lang='grc' dir='ltr'><strong><em>εἴπατε,</em></strong></span> <span class='ocrx_word' id='word_1_158' title='bbox 1056 1933 1194 2022; x_wconf 88' lang='grc' dir='ltr'><strong><em>πότερον</em></strong></span> <span class='ocrx_word' id='word_1_159' title='bbox 1215 1923 1365 2019; x_wconf 77' lang='grc' dir='ltr'><strong><em>ἁρμόζων</em></strong></span> <span class='ocrx_word' id='word_1_160' title='bbox 1392 1929 1410 1997; x_wconf 82' lang='grc' dir='ltr'><strong><em>ό</em></strong></span> <span class='ocrx_word' id='word_1_161' title='bbox 1432 1931 1525 2014; x_wconf 88' lang='grc' dir='ltr'><strong><em>λόγος</em></strong></span> <span class='ocrx_word' id='word_1_162' title='bbox 1556 1923 1647 2009; x_wconf 78' lang='grc' dir='ltr'><strong><em>οὗτος</em></strong></span> <span class='ocrx_word' id='word_1_163' title='bbox 1681 1928 1711 2018; x_wconf 79' lang='grc' dir='ltr'>[ἢ</span> <span class='ocrx_word' id='word_1_164' title='bbox 1732 1931 1769 1998; x_wconf 87' lang='grc' dir='ltr'>τδ</span> <span class='ocrx_word' id='word_1_165' title='bbox 1791 1925 1917 2016; x_wconf 39' lang='lat' dir='ltr'>rispah]</span> <span class='ocrx_word' id='word_1_166' title='bbox 1940 1933 1980 2032; x_wconf 74' lang='grc' dir='ltr'>τῇ</span> <span class='ocrx_word' id='word_1_167' title='bbox 2002 1932 2125 2023; x_wconf 82' lang='grc' dir='ltr'><strong><em>συνόδῳ</em></strong></span> <span class='ocrx_word' id='word_1_168' title='bbox 2137 1939 2252 2015; x_wconf 81' lang='grc' dir='ltr'><strong><em>γένοιτ’</em></strong></span> 
     </span>
     <span class='ocr_line' id='line_1_14' title="bbox 580 2033 2254 2131; baseline -0.004 -19"><span class='ocrx_word' id='word_1_169' title='bbox 580 2041 632 2122; x_wconf 77' lang='grc' dir='ltr'><strong><em>δν,</em></strong></span> <span class='ocrx_word' id='word_1_170' title='bbox 648 2039 673 2112; x_wconf 76' lang='grc' dir='ltr'>ιδ</span> <span class='ocrx_word' id='word_1_171' title='bbox 688 2045 803 2122; x_wconf 82' lang='grc' dir='ltr'><strong><em>παῖδες</em></strong></span> <span class='ocrx_word' id='word_1_172' title='bbox 817 2042 947 2112; x_wconf 80' lang='grc' dir='ltr'><strong><em>Ἠλείων</em></strong></span> <span class='ocrx_word' id='word_1_173' title='bbox 963 2041 1068 2127; x_wconf 68' lang='grc' dir='ltr'><strong><em>(ὑμεῖς</em></strong></span> <span class='ocrx_word' id='word_1_174' title='bbox 1091 2044 1154 2129; x_wconf 79' lang='grc' dir='ltr'>γάρ</span> <span class='ocrx_word' id='word_1_175' title='bbox 1170 2037 1322 2130; x_wconf 75' lang='grc' dir='ltr'><strong><em>ἄρχοντες</em></strong></span> <span class='ocrx_word' id='word_1_176' title='bbox 1345 2051 1400 2108; x_wconf 77' lang='grc' dir='ltr'><strong><em>καὶ</em></strong></span> <span class='ocrx_word' id='word_1_177' title='bbox 1423 2033 1576 2127; x_wconf 75' lang='grc' dir='ltr'><strong><em>ἡγεμόνες</em></strong></span> <span class='ocrx_word' id='word_1_178' title='bbox 1598 2041 1692 2127; x_wconf 77' lang='grc' dir='ltr'><strong><em>τῆσδε</em></strong></span> <span class='ocrx_word' id='word_1_179' title='bbox 1713 2041 1769 2126; x_wconf 82' lang='grc' dir='ltr'>τῆς</span> <span class='ocrx_word' id='word_1_180' title='bbox 1792 2041 2002 2131; x_wconf 76' lang='grc' dir='ltr'><strong><em>πανηγύρεως</em></strong></span> <span class='ocrx_word' id='word_1_181' title='bbox 2025 2045 2137 2130; x_wconf 64' lang='grc' dir='ltr'><strong><em>ἔφοροί</em></strong></span> <span class='ocrx_word' id='word_1_182' title='bbox 2148 2069 2183 2108; x_wconf 88' lang='grc' dir='ltr'>τε</span> <span class='ocrx_word' id='word_1_183' title='bbox 2198 2053 2254 2108; x_wconf 84' lang='grc' dir='ltr'><strong><em>καὶ</em></strong></span> 
     </span>
     <span class='ocr_line' id='line_1_15' title="bbox 580 2145 2255 2239; baseline -0.002 -19"><span class='ocrx_word' id='word_1_184' title='bbox 580 2156 753 2221; x_wconf 75' lang='grc' dir='ltr'><strong><em>ἐπίσκοποι</em></strong></span> <span class='ocrx_word' id='word_1_185' title='bbox 775 2157 842 2219; x_wconf 80' lang='grc' dir='ltr'><strong><em>τοῖν</em></strong></span> <span class='ocrx_word' id='word_1_186' title='bbox 863 2145 988 2220; x_wconf 72' lang='grc' dir='ltr'><strong><em>ἐνθάδε</em></strong></span> <span class='ocrx_word' id='word_1_187' title='bbox 1020 2153 1122 2239; x_wconf 74' lang='grc' dir='ltr'><strong><em>ἔργων</em></strong></span> <span class='ocrx_word' id='word_1_188' title='bbox 1154 2162 1210 2218; x_wconf 78' lang='grc' dir='ltr'><strong><em>καὶ</em></strong></span> <span class='ocrx_word' id='word_1_189' title='bbox 1237 2151 1353 2232; x_wconf 79' lang='grc' dir='ltr'><strong><em>λόγων)</em></strong></span> <span class='ocrx_word' id='word_1_190' title='bbox 1383 2149 1404 2237; x_wconf 75' lang='grc' dir='ltr'><em>ἢ</em></span> <span class='ocrx_word' id='word_1_191' title='bbox 1426 2151 1476 2216; x_wconf 82' lang='grc' dir='ltr'><strong><em>δεῖ</em></strong></span> <span class='ocrx_word' id='word_1_192' title='bbox 1495 2148 1624 2229; x_wconf 72' lang='grc' dir='ltr'><strong><em>θεατάς</em></strong></span> <span class='ocrx_word' id='word_1_193' title='bbox 1646 2153 1731 2218; x_wconf 80' lang='grc' dir='ltr'><strong><em>εἶναι</em></strong></span> <span class='ocrx_word' id='word_1_194' title='bbox 1753 2151 1852 2233; x_wconf 90' lang='grc' dir='ltr'><strong><em>μόνον</em></strong></span> <span class='ocrx_word' id='word_1_195' title='bbox 1873 2150 1946 2230; x_wconf 81' lang='grc' dir='ltr'>τούς</span> <span class='ocrx_word' id='word_1_196' title='bbox 1969 2149 2097 2220; x_wconf 70' lang='grc' dir='ltr'><strong><em>ἐνθάδε</em></strong></span> <span class='ocrx_word' id='word_1_197' title='bbox 2117 2147 2255 2236; x_wconf 66' lang='grc' dir='ltr'><strong><em>ἥκοντας</em></strong></span> 
     </span>
     <span class='ocr_line' id='line_1_16' title="bbox 581 2251 1899 2350; baseline -0.005 -22"><span class='ocrx_word' id='word_1_198' title='bbox 581 2263 647 2330; x_wconf 81' lang='grc' dir='ltr'>τῶν</span> <span class='ocrx_word' id='word_1_199' title='bbox 668 2289 704 2329; x_wconf 88' lang='grc' dir='ltr'>τε</span> <span class='ocrx_word' id='word_1_200' title='bbox 725 2261 835 2329; x_wconf 78' lang='grc' dir='ltr'><strong><em>ἄλλων</em></strong></span> <span class='ocrx_word' id='word_1_201' title='bbox 858 2257 1027 2350; x_wconf 72' lang='grc' dir='ltr'><strong><em>δηλονότι</em></strong></span> <span class='ocrx_word' id='word_1_202' title='bbox 1048 2258 1227 2345; x_wconf 79' lang='grc' dir='ltr'><strong><em>παγκάλων</em></strong></span> <span class='ocrx_word' id='word_1_203' title='bbox 1248 2272 1303 2326; x_wconf 80' lang='grc' dir='ltr'><strong><em>καῖ</em></strong></span> <span class='ocrx_word' id='word_1_204' title='bbox 1324 2252 1445 2348; x_wconf 77' lang='grc' dir='ltr'><strong><em>σφόδρα</em></strong></span> <span class='ocrx_word' id='word_1_205' title='bbox 1468 2251 1611 2338; x_wconf 74' lang='grc' dir='ltr'><strong><em>ἐνδόξων</em></strong></span> <span class='ocrx_word' id='word_1_206' title='bbox 1632 2259 1814 2344; x_wconf 77' lang='grc' dir='ltr'><strong><em>θεαμάτων</em></strong></span> <span class='ocrx_word' id='word_1_207' title='bbox 1835 2265 1899 2327; x_wconf 88' lang='grc' dir='ltr'><strong><em>κτλ.</em></strong></span> 
     </span>
    </p>

    <p class='ocr_par' dir='ltr' id='par_1_3' title="bbox 381 2368 2254 2562">
     <span class='ocr_line' id='line_1_17' title="bbox 530 2368 2254 2452; baseline 0 -19"><span class='ocrx_word' id='word_1_208' title='bbox 530 2370 598 2435; x_wconf 83' lang='grc' dir='ltr'><strong><em>Ιεω</em></strong></span> <span class='ocrx_word' id='word_1_209' title='bbox 620 2391 690 2435; x_wconf 85' lang='lat' dir='ltr'>vero</span> <span class='ocrx_word' id='word_1_210' title='bbox 712 2391 774 2434; x_wconf 90' lang='lat' dir='ltr'>non</span> <span class='ocrx_word' id='word_1_211' title='bbox 796 2371 1022 2452; x_wconf 82' lang='lat' dir='ltr'>expectabimus</span> <span class='ocrx_word' id='word_1_212' title='bbox 1045 2371 1157 2452; x_wconf 91' lang='lat' dir='ltr'>(neque</span> <span class='ocrx_word' id='word_1_213' title='bbox 1180 2370 1263 2433; x_wconf 90' lang='lat' dir='ltr'>enim</span> <span class='ocrx_word' id='word_1_214' title='bbox 1284 2369 1442 2450; x_wconf 88' lang='lat' dir='ltr'>dialogum</span> <span class='ocrx_word' id='word_1_215' title='bbox 1464 2369 1585 2451; x_wconf 87' lang='lat' dir='ltr'>scripsit</span> <span class='ocrx_word' id='word_1_216' title='bbox 1599 2368 1673 2450; x_wconf 90' lang='lat' dir='ltr'>Dio)</span> <span class='ocrx_word' id='word_1_217' title='bbox 1687 2369 1770 2450; x_wconf 90' lang='lat' dir='ltr'>ipsos</span> <span class='ocrx_word' id='word_1_218' title='bbox 1787 2369 1946 2434; x_wconf 85' lang='lat' dir='ltr'>illidenses</span> <span class='ocrx_word' id='word_1_219' title='bbox 1960 2389 2161 2452; x_wconf 89' lang='lat' dir='ltr'>responsuros</span> <span class='ocrx_word' id='word_1_220' title='bbox 2176 2389 2254 2435; x_wconf 88' lang='lat' dir='ltr'>asse.</span> 
     </span>
     <span class='ocr_line' id='line_1_18' title="bbox 381 2477 1961 2562; baseline -0.002 -17"><span class='ocrx_word' id='word_1_221' title='bbox 381 2480 442 2545; x_wconf 86' lang='lat' dir='ltr'>Sed</span> <span class='ocrx_word' id='word_1_222' title='bbox 465 2482 553 2562; x_wconf 88' lang='lat' dir='ltr'>quasi</span> <span class='ocrx_word' id='word_1_223' title='bbox 575 2481 780 2545; x_wconf 85' lang='lat' dir='ltr'>adnuentibus</span> <span class='ocrx_word' id='word_1_224' title='bbox 801 2480 862 2544; x_wconf 93' lang='lat' dir='ltr'>illis</span> <span class='ocrx_word' id='word_1_225' title='bbox 883 2481 948 2562; x_wconf 91' lang='lat' dir='ltr'>ipse</span> <span class='ocrx_word' id='word_1_226' title='bbox 971 2483 1072 2544; x_wconf 87' lang='lat' dir='ltr'>orator·</span> <span class='ocrx_word' id='word_1_227' title='bbox 1095 2479 1308 2560; x_wconf 85' lang='lat' dir='ltr'>quaestionem</span> <span class='ocrx_word' id='word_1_228' title='bbox 1331 2478 1422 2542; x_wconf 88' lang='lat' dir='ltr'>solvit</span> <span class='ocrx_word' id='word_1_229' title='bbox 1444 2496 1515 2540; x_wconf 92' lang='lat' dir='ltr'>cum</span> <span class='ocrx_word' id='word_1_230' title='bbox 1537 2477 1618 2541; x_wconf 85' lang='lat' dir='ltr'>dicat</span> <span class='ocrx_word' id='word_1_231' title='bbox 1639 2477 1676 2562; x_wconf 72' lang='grc' dir='ltr'>(ξ</span> <span class='ocrx_word' id='word_1_232' title='bbox 1700 2477 1750 2553; x_wconf 88' lang='grc'>26,</span> <span class='ocrx_word' id='word_1_233' title='bbox 1776 2479 1812 2539; x_wconf 90' lang='grc'>11</span> <span class='ocrx_word' id='word_1_234' title='bbox 1836 2479 1961 2562; x_wconf 82' lang='lat' dir='ltr'>Emp.):</span> 
     </span>
    </p>

    <p class='ocr_par' dir='ltr' id='par_1_4' title="bbox 583 2587 2257 2680">
     <span class='ocr_line' id='line_1_19' title="bbox 583 2587 2257 2680; baseline 0 -23"><span class='ocrx_word' id='word_1_235' title='bbox 583 2588 602 2678; x_wconf 79' lang='grc' dir='ltr'><em>ἢ</em></span> <span class='ocrx_word' id='word_1_236' title='bbox 623 2602 678 2657; x_wconf 81' lang='grc' dir='ltr'><strong><em>καὶ</em></strong></span> <span class='ocrx_word' id='word_1_237' title='bbox 699 2603 772 2680; x_wconf 81' lang='grc' dir='ltr'><strong><em>περὶ</em></strong></span> <span class='ocrx_word' id='word_1_238' title='bbox 795 2589 904 2659; x_wconf 67' lang='grc' dir='ltr'><strong><em>αὐτῶν</em></strong></span> <span class='ocrx_word' id='word_1_239' title='bbox 926 2588 1047 2658; x_wconf 78' lang='grc' dir='ltr'><strong><em>τούτων</em></strong></span> <span class='ocrx_word' id='word_1_240' title='bbox 1068 2601 1222 2657; x_wconf 80' lang='grc' dir='ltr'><strong><em>σκεπτέον</em></strong></span> <span class='ocrx_word' id='word_1_241' title='bbox 1241 2587 1320 2674; x_wconf 79' lang='grc' dir='ltr'><strong><em>ἡμῖν</em></strong></span> <span class='ocrx_word' id='word_1_242' title='bbox 1333 2590 1579 2675; x_wconf 75' lang='grc' dir='ltr'><strong><em>ἐπιμελέστερον</em></strong></span> <span class='ocrx_word' id='word_1_243' title='bbox 1592 2589 1660 2657; x_wconf 74' lang='grc' dir='ltr'><strong><em>τοῖν</em></strong></span> <span class='ocrx_word' id='word_1_244' title='bbox 1680 2615 1715 2654; x_wconf 87' lang='grc' dir='ltr'>τε</span> <span class='ocrx_word' id='word_1_245' title='bbox 1739 2588 1926 2673; x_wconf 81' lang='grc' dir='ltr'><strong><em>ποιημάτων</em></strong></span> <span class='ocrx_word' id='word_1_246' title='bbox 1946 2602 2002 2656; x_wconf 78' lang='grc' dir='ltr'><strong><em>καὶ</em></strong></span> <span class='ocrx_word' id='word_1_247' title='bbox 2022 2588 2257 2675; x_wconf 68' lang='grc' dir='ltr'><strong><em>ἀναθημάτων</em></strong></span> 
     </span>
    </p>

    <p class='ocr_par' dir='ltr' id='par_1_5' title="bbox 583 2695 2255 2789">
     <span class='ocr_line' id='line_1_20' title="bbox 583 2695 2255 2789; baseline 0 -23"><span class='ocrx_word' id='word_1_248' title='bbox 583 2713 637 2766; x_wconf 77' lang='grc' dir='ltr'><strong><em>καὶ</em></strong></span> <span class='ocrx_word' id='word_1_249' title='bbox 660 2699 802 2786; x_wconf 76' lang='grc' dir='ltr'><strong><em>α’τεχνοῖς</em></strong></span> <span class='ocrx_word' id='word_1_250' title='bbox 824 2707 858 2767; x_wconf 75' lang='grc' dir='ltr'><strong><em>εἴ</em></strong></span> <span class='ocrx_word' id='word_1_251' title='bbox 873 2729 904 2766; x_wconf 88' lang='grc' dir='ltr'>τι</span> <span class='ocrx_word' id='word_1_252' title='bbox 926 2697 1179 2789; x_wconf 84' lang='grc' dir='ltr'><strong><em>τοιουτότροπόν</em></strong></span> <span class='ocrx_word' id='word_1_253' title='bbox 1200 2700 1267 2766; x_wconf 72' lang='grc' dir='ltr'><strong><em>ἔστι</em></strong></span> <span class='ocrx_word' id='word_1_254' title='bbox 1288 2699 1346 2784; x_wconf 74' lang='grc' dir='ltr'>την</span> <span class='ocrx_word' id='word_1_255' title='bbox 1368 2695 1583 2786; x_wconf 76' lang='grc' dir='ltr'><strong><em>οἷνθρωπίνην</em></strong></span> <span class='ocrx_word' id='word_1_256' title='bbox 1604 2707 1680 2784; x_wconf 79' lang='grc' dir='ltr'><strong><em>περὶ</em></strong></span> <span class='ocrx_word' id='word_1_257' title='bbox 1700 2698 1760 2764; x_wconf 80' lang='grc' dir='ltr'>τοῦ</span> <span class='ocrx_word' id='word_1_258' title='bbox 1789 2699 1958 2781; x_wconf 84' lang='grc' dir='ltr'><strong><em>δαιμονίου</em></strong></span> <span class='ocrx_word' id='word_1_259' title='bbox 1980 2698 2080 2778; x_wconf 83' lang='grc' dir='ltr'><strong><em>δόξαν</em></strong></span> <span class='ocrx_word' id='word_1_260' title='bbox 2103 2698 2255 2786; x_wconf 72' lang='grc' dir='ltr'><strong><em>ἁμηγέπη</em></strong></span> 
     </span>
    </p>

    <p class='ocr_par' dir='ltr' id='par_1_6' title="bbox 381 2801 2260 4008">
     <span class='ocr_line' id='line_1_21' title="bbox 583 2801 1677 2903; baseline -0.001 -27"><span class='ocrx_word' id='word_1_261' title='bbox 583 2809 731 2877; x_wconf 88' lang='grc' dir='ltr'><strong><em>πλάττον</em></strong></span> <span class='ocrx_word' id='word_1_262' title='bbox 752 2821 807 2876; x_wconf 81' lang='grc' dir='ltr'><strong><em>καὶ</em></strong></span> <span class='ocrx_word' id='word_1_263' title='bbox 830 2806 1032 2887; x_wconf 81' lang='grc' dir='ltr'><strong><em>άνατυποῦν,</em></strong></span> <span class='ocrx_word' id='word_1_264' title='bbox 1056 2804 1114 2875; x_wconf 77' lang='grc' dir='ltr'><strong><em>δότε</em></strong></span> <span class='ocrx_word' id='word_1_265' title='bbox 1135 2809 1172 2875; x_wconf 69' lang='grc' dir='ltr'><strong><em>ἐν</em></strong></span> <span class='ocrx_word' id='word_1_266' title='bbox 1194 2801 1355 2898; x_wconf 75' lang='grc' dir='ltr'><strong><em>φιλοσόφῳ</em></strong></span> <span class='ocrx_word' id='word_1_267' title='bbox 1378 2807 1531 2903; x_wconf 77' lang='grc' dir='ltr'><strong><em>διατριβῇ</em></strong></span> <span class='ocrx_word' id='word_1_268' title='bbox 1552 2807 1593 2873; x_wconf 81' lang='grc' dir='ltr'>τά</span> <span class='ocrx_word' id='word_1_269' title='bbox 1618 2812 1677 2875; x_wconf 81' lang='grc' dir='ltr'>νῦν</span> 
     </span>
     <span class='ocr_line' id='line_1_22' title="bbox 381 2914 2256 3005; baseline 0.001 -24"><span class='ocrx_word' id='word_1_270' title='bbox 381 2918 433 2982; x_wconf 94' lang='lat' dir='ltr'>ubi</span> <span class='ocrx_word' id='word_1_271' title='bbox 447 2917 468 3005; x_wconf 78' lang='grc' dir='ltr'><em>ἢ</em></span> <span class='ocrx_word' id='word_1_272' title='bbox 484 2918 592 2982; x_wconf 89' lang='lat' dir='ltr'>eodem</span> <span class='ocrx_word' id='word_1_273' title='bbox 613 2918 704 2982; x_wconf 91' lang='lat' dir='ltr'>modo</span> <span class='ocrx_word' id='word_1_274' title='bbox 726 2937 910 3000; x_wconf 89' lang='lat' dir='ltr'>responsum</span> <span class='ocrx_word' id='word_1_275' title='bbox 936 2917 1060 2992; x_wconf 80' lang='lat' dir='ltr'>inducit</span> <span class='ocrx_word' id='word_1_276' title='bbox 1083 2919 1119 2979; x_wconf 87' lang='lat' dir='ltr'>ut</span> <span class='ocrx_word' id='word_1_277' title='bbox 1140 2935 1165 2980; x_wconf 91' lang='lat' dir='ltr'>e.</span> <span class='ocrx_word' id='word_1_278' title='bbox 1189 2935 1217 2996; x_wconf 86' lang='lat' dir='ltr'>g.</span> <span class='ocrx_word' id='word_1_279' title='bbox 1239 2935 1280 2980; x_wconf 92' lang='lat' dir='ltr'>or.</span> <span class='ocrx_word' id='word_1_280' title='bbox 1304 2916 1354 2993; x_wconf 84' lang='lat'>32,</span> <span class='ocrx_word' id='word_1_281' title='bbox 1379 2915 1418 2976; x_wconf 82' lang='grc'>76</span> <span class='ocrx_word' id='word_1_282' title='bbox 1441 2914 1471 3003; x_wconf 79' lang='grc' dir='ltr'>(ἢ</span> <span class='ocrx_word' id='word_1_283' title='bbox 1492 2917 1615 3004; x_wconf 79' lang='grc' dir='ltr'><strong><em>δῆλον).</em></strong></span> <span class='ocrx_word' id='word_1_284' title='bbox 1637 2916 1737 2997; x_wconf 85' lang='lat' dir='ltr'>Igitur</span> <span class='ocrx_word' id='word_1_285' title='bbox 1760 2915 1816 2979; x_wconf 92' lang='lat' dir='ltr'>sibi</span> <span class='ocrx_word' id='word_1_286' title='bbox 1837 2916 1904 2999; x_wconf 93' lang='lat' dir='ltr'>ipse</span> <span class='ocrx_word' id='word_1_287' title='bbox 1925 2917 2092 3000; x_wconf 87' lang='lat' dir='ltr'>respondet</span> <span class='ocrx_word' id='word_1_288' title='bbox 2112 2917 2171 2982; x_wconf 91' lang='lat' dir='ltr'>Dio</span> <span class='ocrx_word' id='word_1_289' title='bbox 2192 2938 2256 2983; x_wconf 91' lang='lat' dir='ltr'>non</span> 
     </span>
     <span class='ocr_line' id='line_1_23' title="bbox 382 3025 2257 3110; baseline -0.001 -18"><span class='ocrx_word' id='word_1_290' title='bbox 382 3047 450 3092; x_wconf 91' lang='lat' dir='ltr'>esse</span> <span class='ocrx_word' id='word_1_291' title='bbox 473 3028 689 3092; x_wconf 89' lang='lat' dir='ltr'>tantummodo</span> <span class='ocrx_word' id='word_1_292' title='bbox 711 3028 806 3092; x_wconf 90' lang='lat' dir='ltr'>oculis</span> <span class='ocrx_word' id='word_1_293' title='bbox 830 3027 1013 3110; x_wconf 88' lang='lat' dir='ltr'>spectandas</span> <span class='ocrx_word' id='word_1_294' title='bbox 1036 3029 1156 3090; x_wconf 89' lang='lat' dir='ltr'>statuas</span> <span class='ocrx_word' id='word_1_295' title='bbox 1179 3025 1340 3109; x_wconf 84' lang='lat' dir='ltr'>Olympiae</span> <span class='ocrx_word' id='word_1_296' title='bbox 1361 3026 1410 3107; x_wconf 91' lang='lat' dir='ltr'>pie</span> <span class='ocrx_word' id='word_1_297' title='bbox 1433 3028 1559 3101; x_wconf 86' lang='lat' dir='ltr'>erectas,</span> <span class='ocrx_word' id='word_1_298' title='bbox 1583 3025 1636 3089; x_wconf 90' lang='lat' dir='ltr'>sed</span> <span class='ocrx_word' id='word_1_299' title='bbox 1659 3026 1697 3090; x_wconf 89' lang='lat' dir='ltr'>de</span> <span class='ocrx_word' id='word_1_300' title='bbox 1719 3026 1767 3090; x_wconf 90' lang='lat' dir='ltr'>bis</span> <span class='ocrx_word' id='word_1_301' title='bbox 1789 3028 1881 3091; x_wconf 90' lang='lat' dir='ltr'>rebus</span> <span class='ocrx_word' id='word_1_302' title='bbox 1904 3028 1937 3110; x_wconf 91' lang='lat' dir='ltr'>(i.</span> <span class='ocrx_word' id='word_1_303' title='bbox 1959 3047 1985 3094; x_wconf 92' lang='lat' dir='ltr'>e.</span> <span class='ocrx_word' id='word_1_304' title='bbox 2007 3029 2045 3092; x_wconf 92' lang='lat' dir='ltr'>de</span> <span class='ocrx_word' id='word_1_305' title='bbox 2068 3029 2257 3093; x_wconf 87' lang='lat' dir='ltr'>admirandis</span> 
     </span>
     <span class='ocr_line' id='line_1_24' title="bbox 382 3135 2254 3224; baseline 0.002 -23"><span class='ocrx_word' id='word_1_306' title='bbox 382 3139 457 3202; x_wconf 84' lang='lat' dir='ltr'>artis</span> <span class='ocrx_word' id='word_1_307' title='bbox 468 3137 691 3223; x_wconf 85' lang='lat' dir='ltr'>monumentis)</span> <span class='ocrx_word' id='word_1_308' title='bbox 711 3139 732 3217; x_wconf 84' lang='lat'>¹)</span> <span class='ocrx_word' id='word_1_309' title='bbox 747 3137 962 3202; x_wconf 90' lang='lat' dir='ltr'>disserendum</span> <span class='ocrx_word' id='word_1_310' title='bbox 977 3139 1008 3201; x_wconf 84' lang='lat' dir='ltr'>et</span> <span class='ocrx_word' id='word_1_311' title='bbox 1019 3137 1240 3218; x_wconf 80' lang='lat' dir='ltr'>quaerendum,</span> <span class='ocrx_word' id='word_1_312' title='bbox 1262 3156 1339 3200; x_wconf 92' lang='lat' dir='ltr'>num</span> <span class='ocrx_word' id='word_1_313' title='bbox 1362 3155 1399 3200; x_wconf 82' lang='lat' dir='ltr'>er</span> <span class='ocrx_word' id='word_1_314' title='bbox 1420 3136 1467 3200; x_wconf 93' lang='lat' dir='ltr'>bis</span> <span class='ocrx_word' id='word_1_315' title='bbox 1490 3135 1528 3200; x_wconf 91' lang='lat' dir='ltr'>de</span> <span class='ocrx_word' id='word_1_316' title='bbox 1544 3137 1672 3200; x_wconf 91' lang='lat' dir='ltr'>deorum</span> <span class='ocrx_word' id='word_1_317' title='bbox 1693 3139 1807 3201; x_wconf 88' lang='lat' dir='ltr'>natura</span> <span class='ocrx_word' id='word_1_318' title='bbox 1829 3138 1945 3219; x_wconf 89' lang='lat' dir='ltr'>aliquid</span> <span class='ocrx_word' id='word_1_319' title='bbox 1960 3138 2077 3204; x_wconf 86' lang='lat' dir='ltr'>discere</span> <span class='ocrx_word' id='word_1_320' title='bbox 2090 3140 2254 3224; x_wconf 91' lang='lat' dir='ltr'>possimus.</span> 
     </span>
     <span class='ocr_line' id='line_1_25' title="bbox 381 3245 2258 3330; baseline 0.001 -17"><span class='ocrx_word' id='word_1_321' title='bbox 381 3252 483 3330; x_wconf 86' lang='lat' dir='ltr'>Atque</span> <span class='ocrx_word' id='word_1_322' title='bbox 512 3250 582 3330; x_wconf 88' lang='lat' dir='ltr'>post</span> <span class='ocrx_word' id='word_1_323' title='bbox 611 3250 748 3312; x_wconf 83' lang='lat' dir='ltr'>extrema</span> <span class='ocrx_word' id='word_1_324' title='bbox 774 3249 869 3312; x_wconf 88' lang='lat' dir='ltr'>verba</span> <span class='ocrx_word' id='word_1_325' title='bbox 897 3249 989 3311; x_wconf 92' lang='lat' dir='ltr'>buius</span> <span class='ocrx_word' id='word_1_326' title='bbox 1018 3246 1157 3330; x_wconf 87' lang='lat' dir='ltr'>responsi</span> <span class='ocrx_word' id='word_1_327' title='bbox 1186 3247 1302 3329; x_wconf 90' lang='lat' dir='ltr'>aliquid</span> <span class='ocrx_word' id='word_1_328' title='bbox 1331 3247 1475 3311; x_wconf 82' lang='lat' dir='ltr'>excidisse</span> <span class='ocrx_word' id='word_1_329' title='bbox 1503 3245 1626 3311; x_wconf 83' lang='lat' dir='ltr'>Geelius</span> <span class='ocrx_word' id='word_1_330' title='bbox 1655 3248 1829 3330; x_wconf 88' lang='lat' dir='ltr'>suspicatus</span> <span class='ocrx_word' id='word_1_331' title='bbox 1852 3251 1907 3311; x_wconf 89' lang='lat' dir='ltr'>est.</span> <span class='ocrx_word' id='word_1_332' title='bbox 1952 3249 2080 3326; x_wconf 80' lang='lat' dir='ltr'>Excidit,</span> <span class='ocrx_word' id='word_1_333' title='bbox 2114 3250 2167 3314; x_wconf 92' lang='lat' dir='ltr'>sed</span> <span class='ocrx_word' id='word_1_334' title='bbox 2195 3271 2258 3314; x_wconf 93' lang='lat' dir='ltr'>non</span> 
     </span>
     <span class='ocr_line' id='line_1_26' title="bbox 381 3357 2258 3442; baseline 0.002 -20"><span class='ocrx_word' id='word_1_335' title='bbox 381 3359 479 3442; x_wconf 86' lang='lat' dir='ltr'>periit.</span> <span class='ocrx_word' id='word_1_336' title='bbox 522 3358 759 3422; x_wconf 74' lang='lat' dir='ltr'>animadvertas</span> <span class='ocrx_word' id='word_1_337' title='bbox 791 3358 881 3434; x_wconf 80' lang='lat' dir='ltr'>enim</span> <span class='ocrx_word' id='word_1_338' title='bbox 915 3376 1010 3437; x_wconf 88' lang='lat' dir='ltr'>qnam</span> <span class='ocrx_word' id='word_1_339' title='bbox 1038 3357 1120 3420; x_wconf 90' lang='lat' dir='ltr'>varie</span> <span class='ocrx_word' id='word_1_340' title='bbox 1142 3358 1218 3421; x_wconf 90' lang='lat' dir='ltr'>haec</span> <span class='ocrx_word' id='word_1_341' title='bbox 1239 3357 1334 3421; x_wconf 86' lang='lat' dir='ltr'>oratio</span> <span class='ocrx_word' id='word_1_342' title='bbox 1363 3357 1559 3439; x_wconf 87' lang='lat' dir='ltr'>transpositis</span> <span class='ocrx_word' id='word_1_343' title='bbox 1579 3358 1617 3419; x_wconf 91' lang='lat' dir='ltr'>nt</span> <span class='ocrx_word' id='word_1_344' title='bbox 1637 3357 1760 3420; x_wconf 87' lang='lat' dir='ltr'>videtur</span> <span class='ocrx_word' id='word_1_345' title='bbox 1781 3358 1939 3441; x_wconf 85' lang='lat' dir='ltr'>archetypi</span> <span class='ocrx_word' id='word_1_346' title='bbox 1961 3359 2040 3424; x_wconf 89' lang='lat' dir='ltr'>foliis</span> <span class='ocrx_word' id='word_1_347' title='bbox 2061 3362 2187 3425; x_wconf 89' lang='lat' dir='ltr'>turbata</span> <span class='ocrx_word' id='word_1_348' title='bbox 2209 3362 2258 3426; x_wconf 88' lang='lat' dir='ltr'>sit.</span> 
     </span>
     <span class='ocr_line' id='line_1_27' title="bbox 381 3465 2259 3554; baseline 0.003 -24"><span class='ocrx_word' id='word_1_349' title='bbox 381 3467 477 3532; x_wconf 87' lang='lat' dir='ltr'>Velut</span> <span class='ocrx_word' id='word_1_350' title='bbox 505 3465 586 3536; x_wconf 74' lang='grc' dir='ltr'><strong><em>ἄλλο</em></strong></span> <span class='ocrx_word' id='word_1_351' title='bbox 601 3504 626 3514; x_wconf 88' lang='grc'>-</span> <span class='ocrx_word' id='word_1_352' title='bbox 642 3467 794 3554; x_wconf 81' lang='grc' dir='ltr'><strong><em>αόίδιμον</em></strong></span> <span class='ocrx_word' id='word_1_353' title='bbox 823 3487 841 3531; x_wconf 88' lang='lat' dir='ltr'>a</span> <span class='ocrx_word' id='word_1_354' title='bbox 867 3487 922 3532; x_wconf 91' lang='lat' dir='ltr'>sno</span> <span class='ocrx_word' id='word_1_355' title='bbox 946 3468 1011 3531; x_wconf 91' lang='lat' dir='ltr'>loco</span> <span class='ocrx_word' id='word_1_356' title='bbox 1043 3470 1077 3546; x_wconf 66' lang='grc' dir='ltr'>(ξ</span> <span class='ocrx_word' id='word_1_357' title='bbox 1100 3466 1154 3542; x_wconf 88' lang='grc'>26)</span> <span class='ocrx_word' id='word_1_358' title='bbox 1177 3467 1330 3530; x_wconf 88' lang='lat' dir='ltr'>aberravit</span> <span class='ocrx_word' id='word_1_359' title='bbox 1351 3467 1391 3530; x_wconf 92' lang='lat' dir='ltr'>ad</span> <span class='ocrx_word' id='word_1_360' title='bbox 1414 3467 1497 3546; x_wconf 73' lang='lat' dir='ltr'>sir.</span> <span class='ocrx_word' id='word_1_361' title='bbox 1531 3465 1655 3549; x_wconf 88' lang='lat' dir='ltr'>Optime</span> <span class='ocrx_word' id='word_1_362' title='bbox 1677 3467 1741 3531; x_wconf 89' lang='lat' dir='ltr'>sedi</span> <span class='ocrx_word' id='word_1_363' title='bbox 1763 3469 1916 3548; x_wconf 83' lang='lat' dir='ltr'>genuinae</span> <span class='ocrx_word' id='word_1_364' title='bbox 1927 3471 2065 3534; x_wconf 90' lang='lat' dir='ltr'>restituit</span> <span class='ocrx_word' id='word_1_365' title='bbox 2085 3471 2259 3554; x_wconf 80' lang='lat' dir='ltr'>Emperius.</span> 
     </span>
     <span class='ocr_line' id='line_1_28' title="bbox 381 3576 2259 3666; baseline 0.003 -26"><span class='ocrx_word' id='word_1_366' title='bbox 381 3577 462 3640; x_wconf 91' lang='lat' dir='ltr'>ltem</span> <span class='ocrx_word' id='word_1_367' title='bbox 484 3577 548 3666; x_wconf 78' lang='grc' dir='ltr'>ὁρῶ</span> <span class='ocrx_word' id='word_1_368' title='bbox 568 3577 780 3662; x_wconf 77' lang='grc' dir='ltr'><strong><em>μὲν-λόγους</em></strong></span> <span class='ocrx_word' id='word_1_369' title='bbox 802 3577 834 3640; x_wconf 92' lang='lat' dir='ltr'>in</span> <span class='ocrx_word' id='word_1_370' title='bbox 849 3580 870 3657; x_wconf 64' lang='grc' dir='ltr'><strong><em>ξ</em></strong></span> <span class='ocrx_word' id='word_1_371' title='bbox 885 3578 925 3638; x_wconf 89' lang='grc'>43</span> <span class='ocrx_word' id='word_1_372' title='bbox 943 3577 1064 3639; x_wconf 86' lang='lat' dir='ltr'>aliunde</span> <span class='ocrx_word' id='word_1_373' title='bbox 1079 3576 1210 3659; x_wconf 89' lang='lat' dir='ltr'>irrepsit,</span> <span class='ocrx_word' id='word_1_374' title='bbox 1227 3576 1264 3641; x_wconf 90' lang='lat' dir='ltr'>de</span> <span class='ocrx_word' id='word_1_375' title='bbox 1280 3595 1411 3658; x_wconf 91' lang='lat' dir='ltr'>quorum</span> <span class='ocrx_word' id='word_1_376' title='bbox 1425 3578 1588 3641; x_wconf 88' lang='lat' dir='ltr'>verborum</span> <span class='ocrx_word' id='word_1_377' title='bbox 1603 3597 1665 3641; x_wconf 93' lang='lat' dir='ltr'>non</span> <span class='ocrx_word' id='word_1_378' title='bbox 1679 3578 1755 3642; x_wconf 90' lang='lat' dir='ltr'>item</span> <span class='ocrx_word' id='word_1_379' title='bbox 1769 3579 1847 3643; x_wconf 88' lang='lat' dir='ltr'>mibi</span> <span class='ocrx_word' id='word_1_380' title='bbox 1860 3579 2033 3662; x_wconf 86' lang='lat' dir='ltr'>profligarit</span> <span class='ocrx_word' id='word_1_381' title='bbox 2054 3581 2259 3646; x_wconf 88' lang='lat' dir='ltr'>dubitationes</span> 
     </span>
     <span class='ocr_line' id='line_1_29' title="bbox 381 3685 2257 3776; baseline 0.002 -26"><span class='ocrx_word' id='word_1_382' title='bbox 381 3687 555 3769; x_wconf 80' lang='lat' dir='ltr'>llmperius,</span> <span class='ocrx_word' id='word_1_383' title='bbox 571 3688 623 3768; x_wconf 90' lang='lat' dir='ltr'>qui</span> <span class='ocrx_word' id='word_1_384' title='bbox 639 3706 675 3750; x_wconf 88' lang='lat' dir='ltr'>ea</span> <span class='ocrx_word' id='word_1_385' title='bbox 690 3690 761 3750; x_wconf 85' lang='lat' dir='ltr'>ante</span> <span class='ocrx_word' id='word_1_386' title='bbox 776 3689 796 3767; x_wconf 64' lang='grc' dir='ltr'>ξ</span> <span class='ocrx_word' id='word_1_387' title='bbox 812 3687 851 3749; x_wconf 83' lang='grc'>27</span> <span class='ocrx_word' id='word_1_388' title='bbox 874 3687 985 3769; x_wconf 85' lang='lat' dir='ltr'>posuit.</span> <span class='ocrx_word' id='word_1_389' title='bbox 1024 3685 1084 3750; x_wconf 89' lang='lat' dir='ltr'>Sed</span> <span class='ocrx_word' id='word_1_390' title='bbox 1101 3687 1158 3750; x_wconf 90' lang='lat' dir='ltr'>hoc</span> <span class='ocrx_word' id='word_1_391' title='bbox 1172 3687 1285 3776; x_wconf 88' lang='lat' dir='ltr'>lucrari</span> <span class='ocrx_word' id='word_1_392' title='bbox 1299 3687 1376 3751; x_wconf 94' lang='lat' dir='ltr'>mihi</span> <span class='ocrx_word' id='word_1_393' title='bbox 1390 3686 1493 3750; x_wconf 86' lang='lat' dir='ltr'>videor</span> <span class='ocrx_word' id='word_1_394' title='bbox 1509 3705 1544 3750; x_wconf 85' lang='lat' dir='ltr'>er</span> <span class='ocrx_word' id='word_1_395' title='bbox 1559 3688 1701 3751; x_wconf 89' lang='lat' dir='ltr'>omnibus</span> <span class='ocrx_word' id='word_1_396' title='bbox 1716 3688 1764 3752; x_wconf 92' lang='lat' dir='ltr'>his</span> <span class='ocrx_word' id='word_1_397' title='bbox 1780 3691 1939 3753; x_wconf 83' lang='lat' dir='ltr'>contextus</span> <span class='ocrx_word' id='word_1_398' title='bbox 1958 3692 2257 3772; x_wconf 89' lang='lat' dir='ltr'>perturbationibus:</span> 
     </span>
     <span class='ocr_line' id='line_1_30' title="bbox 382 3794 2260 3884; baseline 0.004 -25"><span class='ocrx_word' id='word_1_399' title='bbox 382 3817 444 3860; x_wconf 92' lang='lat' dir='ltr'>non</span> <span class='ocrx_word' id='word_1_400' title='bbox 476 3796 600 3860; x_wconf 83' lang='lat' dir='ltr'>videbor</span> <span class='ocrx_word' id='word_1_401' title='bbox 632 3796 724 3861; x_wconf 88' lang='lat' dir='ltr'>nimis</span> <span class='ocrx_word' id='word_1_402' title='bbox 757 3795 866 3875; x_wconf 81' lang='lat' dir='ltr'>audax,</span> <span class='ocrx_word' id='word_1_403' title='bbox 901 3796 926 3859; x_wconf 88' lang='lat' dir='ltr'>si</span> <span class='ocrx_word' id='word_1_404' title='bbox 949 3798 990 3876; x_wconf 59' lang='grc' dir='ltr'>ἐξ</span> <span class='ocrx_word' id='word_1_405' title='bbox 1012 3797 1053 3858; x_wconf 89' lang='grc'>23</span> <span class='ocrx_word' id='word_1_406' title='bbox 1076 3796 1158 3881; x_wconf 90' lang='lat' dir='ltr'>(inde</span> <span class='ocrx_word' id='word_1_407' title='bbox 1182 3815 1199 3860; x_wconf 91' lang='lat' dir='ltr'>a</span> <span class='ocrx_word' id='word_1_408' title='bbox 1220 3798 1322 3862; x_wconf 88' lang='lat' dir='ltr'>verbis</span> <span class='ocrx_word' id='word_1_409' title='bbox 1346 3794 1435 3867; x_wconf 75' lang='lat' dir='ltr'>ariaci</span> <span class='ocrx_word' id='word_1_410' title='bbox 1458 3797 1535 3880; x_wconf 86' lang='grc' dir='ltr'><strong><em>που)</em></strong></span> <span class='ocrx_word' id='word_1_411' title='bbox 1557 3800 1589 3860; x_wconf 89' lang='lat' dir='ltr'>et</span> <span class='ocrx_word' id='word_1_412' title='bbox 1612 3799 1653 3859; x_wconf 81' lang='lat'>24</span> <span class='ocrx_word' id='word_1_413' title='bbox 1685 3801 1931 3882; x_wconf 86' lang='lat' dir='ltr'>transponendae</span> <span class='ocrx_word' id='word_1_414' title='bbox 1964 3820 2030 3864; x_wconf 90' lang='lat' dir='ltr'>esse</span> <span class='ocrx_word' id='word_1_415' title='bbox 2063 3805 2134 3884; x_wconf 89' lang='lat' dir='ltr'>post</span> <span class='ocrx_word' id='word_1_416' title='bbox 2166 3803 2260 3867; x_wconf 86' lang='lat' dir='ltr'>verba</span> 
     </span>
     <span class='ocr_line' id='line_1_31' title="bbox 382 3905 1699 4008; baseline -0.004 -33"><span class='ocrx_word' id='word_1_417' title='bbox 382 3910 533 4008; x_wconf 70' lang='grc' dir='ltr'><strong><em>διατριβῇ</em></strong></span> <span class='ocrx_word' id='word_1_418' title='bbox 553 3907 596 3974; x_wconf 77' lang='grc' dir='ltr'><strong><em>τοὶ</em></strong></span> <span class='ocrx_word' id='word_1_419' title='bbox 619 3914 678 3976; x_wconf 76' lang='grc' dir='ltr'>νῦν</span> <span class='ocrx_word' id='word_1_420' title='bbox 700 3905 916 3970; x_wconf 88' lang='lat' dir='ltr'>contenderim.</span> <span class='ocrx_word' id='word_1_421' title='bbox 961 3905 1075 3970; x_wconf 90' lang='lat' dir='ltr'>Videas</span> <span class='ocrx_word' id='word_1_422' title='bbox 1098 3907 1180 3971; x_wconf 91' lang='lat' dir='ltr'>enim</span> <span class='ocrx_word' id='word_1_423' title='bbox 1202 3927 1297 3989; x_wconf 91' lang='lat' dir='ltr'>quarn</span> <span class='ocrx_word' id='word_1_424' title='bbox 1321 3908 1395 3970; x_wconf 91' lang='lat' dir='ltr'>bene</span> <span class='ocrx_word' id='word_1_425' title='bbox 1418 3907 1493 3970; x_wconf 91' lang='lat' dir='ltr'>haec</span> <span class='ocrx_word' id='word_1_426' title='bbox 1515 3908 1699 3971; x_wconf 88' lang='lat' dir='ltr'>coalescant:</span> 
     </span>
    </p>

    <p class='ocr_par' dir='ltr' id='par_1_7' title="bbox 382 4009 2261 4870">
     <span class='ocr_line' id='line_1_32' title="bbox 534 4009 2258 4108; baseline 0.004 -26"><span class='ocrx_word' id='word_1_427' title='bbox 534 4013 555 4101; x_wconf 77' lang='grc' dir='ltr'><em>ἢ</em></span> <span class='ocrx_word' id='word_1_428' title='bbox 576 4028 631 4083; x_wconf 78' lang='grc' dir='ltr'><strong><em>καὶ</em></strong></span> <span class='ocrx_word' id='word_1_429' title='bbox 654 4029 743 4102; x_wconf 77' lang='grc' dir='ltr'><strong><em>περὶ</em></strong></span> <span class='ocrx_word' id='word_1_430' title='bbox 767 4014 904 4085; x_wconf 69' lang='lat' dir='ltr'>adroic</span> <span class='ocrx_word' id='word_1_431' title='bbox 925 4009 1076 4085; x_wconf 86' lang='grc' dir='ltr'><strong><em>τοότων</em></strong></span> <span class='ocrx_word' id='word_1_432' title='bbox 1097 4031 1252 4086; x_wconf 82' lang='grc' dir='ltr'><strong><em>σκεπτέον</em></strong></span> <span class='ocrx_word' id='word_1_433' title='bbox 1271 4016 1350 4105; x_wconf 78' lang='grc' dir='ltr'><strong><em>ἡμῖν</em></strong></span> <span class='ocrx_word' id='word_1_434' title='bbox 1372 4019 1616 4106; x_wconf 75' lang='grc' dir='ltr'><strong><em>ἐπιμελέστερον</em></strong></span> <span class='ocrx_word' id='word_1_435' title='bbox 1642 4018 1708 4086; x_wconf 80' lang='grc' dir='ltr'>τῶν</span> <span class='ocrx_word' id='word_1_436' title='bbox 1730 4045 1765 4084; x_wconf 87' lang='grc' dir='ltr'>τε</span> <span class='ocrx_word' id='word_1_437' title='bbox 1786 4019 2010 4108; x_wconf 54' lang='grc' dir='ltr'><strong><em>ποιημάτωνλ)</em></strong></span> <span class='ocrx_word' id='word_1_438' title='bbox 2045 4033 2099 4089; x_wconf 80' lang='grc' dir='ltr'><strong><em>καὶ</em></strong></span> <span class='ocrx_word' id='word_1_439' title='bbox 2130 4020 2258 4108; x_wconf 74' lang='grc' dir='ltr'><strong><em>α’ναθη·</em></strong></span> 
     </span>
     <span class='ocr_line' id='line_1_33' title="bbox 382 4123 2260 4219; baseline 0.004 -27"><span class='ocrx_word' id='word_1_440' title='bbox 382 4126 493 4212; x_wconf 83' lang='grc' dir='ltr'><strong><em>μάτων</em></strong></span> <span class='ocrx_word' id='word_1_441' title='bbox 506 4139 561 4193; x_wconf 83' lang='grc' dir='ltr'><strong><em>καῖ</em></strong></span> <span class='ocrx_word' id='word_1_442' title='bbox 576 4125 716 4214; x_wconf 82' lang='grc' dir='ltr'><strong><em>άτεχνῶς</em></strong></span> <span class='ocrx_word' id='word_1_443' title='bbox 730 4133 765 4194; x_wconf 76' lang='grc' dir='ltr'><strong><em>εἴ</em></strong></span> <span class='ocrx_word' id='word_1_444' title='bbox 774 4156 805 4195; x_wconf 93' lang='grc' dir='ltr'>τι</span> <span class='ocrx_word' id='word_1_445' title='bbox 821 4126 1066 4213; x_wconf 87' lang='grc' dir='ltr'><strong><em>τοιουτότροπόν</em></strong></span> <span class='ocrx_word' id='word_1_446' title='bbox 1080 4128 1148 4194; x_wconf 68' lang='grc' dir='ltr'><strong><em>ἔστι</em></strong></span> <span class='ocrx_word' id='word_1_447' title='bbox 1166 4127 1225 4214; x_wconf 80' lang='grc' dir='ltr'>την</span> <span class='ocrx_word' id='word_1_448' title='bbox 1246 4126 1463 4218; x_wconf 74' lang='grc' dir='ltr'><strong><em>α’νθρωπίνην</em></strong></span> <span class='ocrx_word' id='word_1_449' title='bbox 1478 4139 1551 4215; x_wconf 86' lang='grc' dir='ltr'><strong><em>περὶ</em></strong></span> <span class='ocrx_word' id='word_1_450' title='bbox 1566 4128 1622 4195; x_wconf 83' lang='grc' dir='ltr'>τοῦ</span> <span class='ocrx_word' id='word_1_451' title='bbox 1636 4130 1807 4214; x_wconf 82' lang='grc' dir='ltr'><strong><em>δαιμονίου</em></strong></span> <span class='ocrx_word' id='word_1_452' title='bbox 1822 4123 1926 4208; x_wconf 84' lang='grc' dir='ltr'><strong><em>δόξαν</em></strong></span> <span class='ocrx_word' id='word_1_453' title='bbox 1942 4130 2094 4219; x_wconf 83' lang='grc' dir='ltr'><strong><em>άμηγέπη</em></strong></span> <span class='ocrx_word' id='word_1_454' title='bbox 2111 4131 2260 4200; x_wconf 85' lang='grc' dir='ltr'><strong><em>πλάττον</em></strong></span> 
     </span>
     <span class='ocr_line' id='line_1_34' title="bbox 383 4233 2261 4335; baseline 0.004 -31"><span class='ocrx_word' id='word_1_455' title='bbox 383 4248 437 4304; x_wconf 76' lang='grc' dir='ltr'><strong><em>καὶ</em></strong></span> <span class='ocrx_word' id='word_1_456' title='bbox 460 4234 663 4312; x_wconf 78' lang='grc' dir='ltr'><strong><em>α’νατυποῦν,</em></strong></span> <span class='ocrx_word' id='word_1_457' title='bbox 686 4235 745 4304; x_wconf 82' lang='grc' dir='ltr'>ἅτε</span> <span class='ocrx_word' id='word_1_458' title='bbox 766 4240 802 4306; x_wconf 85' lang='grc' dir='ltr'><strong><em>έν</em></strong></span> <span class='ocrx_word' id='word_1_459' title='bbox 823 4238 987 4328; x_wconf 75' lang='grc' dir='ltr'><strong><em>φιλοσόφῳ</em></strong></span> <span class='ocrx_word' id='word_1_460' title='bbox 1011 4239 1164 4335; x_wconf 77' lang='grc' dir='ltr'><strong><em>διατριβῇ</em></strong></span> <span class='ocrx_word' id='word_1_461' title='bbox 1185 4236 1226 4303; x_wconf 79' lang='grc' dir='ltr'>τά</span> <span class='ocrx_word' id='word_1_462' title='bbox 1250 4243 1309 4307; x_wconf 84' lang='grc' dir='ltr'>νῦν</span> <span class='ocrx_word' id='word_1_463' title='bbox 1336 4237 1442 4307; x_wconf 82' lang='grc' dir='ltr'><strong><em>αδτά</em></strong></span> <span class='ocrx_word' id='word_1_464' title='bbox 1462 4265 1540 4306; x_wconf 89' lang='grc' dir='ltr'>που</span> <span class='ocrx_word' id='word_1_465' title='bbox 1563 4239 1637 4306; x_wconf 80' lang='grc' dir='ltr'>ταῦ</span> <span class='ocrx_word' id='word_1_466' title='bbox 1644 4267 1693 4305; x_wconf 87' lang='grc' dir='ltr'>τοι</span> <span class='ocrx_word' id='word_1_467' title='bbox 1708 4243 1862 4322; x_wconf 88' lang='grc' dir='ltr'><strong><em>λέγοντες.</em></strong></span> <span class='ocrx_word' id='word_1_468' title='bbox 1879 4233 1930 4327; x_wconf 73' lang='grc' dir='ltr'><strong><em>αἶρ’</em></strong></span> <span class='ocrx_word' id='word_1_469' title='bbox 1950 4233 2007 4311; x_wconf 74' lang='grc' dir='ltr'><strong><em>οὖν</em></strong></span> <span class='ocrx_word' id='word_1_470' title='bbox 2021 4249 2102 4308; x_wconf 71' lang='grc' dir='ltr'><strong><em>καθ’</em></strong></span> <span class='ocrx_word' id='word_1_471' title='bbox 2114 4239 2261 4311; x_wconf 76' lang='grc' dir='ltr'><strong><em>Ἡσίοδον</em></strong></span> 
     </span>
     <span class='ocr_line' id='line_1_35' title="bbox 384 4339 2260 4436; baseline 0.002 -22"><span class='ocrx_word' id='word_1_472' title='bbox 384 4344 492 4435; x_wconf 75' lang='grc' dir='ltr'><strong><em>ἄνδρα</em></strong></span> <span class='ocrx_word' id='word_1_473' title='bbox 516 4345 653 4430; x_wconf 77' lang='grc' dir='ltr'><strong><em>α’γαδόν</em></strong></span> <span class='ocrx_word' id='word_1_474' title='bbox 674 4360 730 4414; x_wconf 77' lang='grc' dir='ltr'><strong><em>καὶ</em></strong></span> <span class='ocrx_word' id='word_1_475' title='bbox 745 4339 894 4427; x_wconf 84' lang='grc' dir='ltr'><strong><em>Μοόσαις</em></strong></span> <span class='ocrx_word' id='word_1_476' title='bbox 915 4352 1007 4432; x_wconf 73' lang='lat' dir='ltr'>plica</span> <span class='ocrx_word' id='word_1_477' title='bbox 1028 4346 1173 4436; x_wconf 84' lang='grc' dir='ltr'><strong><em>α’ρκτέον,</em></strong></span> <span class='ocrx_word' id='word_1_478' title='bbox 1195 4347 1236 4426; x_wconf 65' lang='grc' dir='ltr'>οἷς</span> <span class='ocrx_word' id='word_1_479' title='bbox 1259 4350 1378 4426; x_wconf 73' lang='grc' dir='ltr'><strong><em>ἐκεῖνος</em></strong></span> <span class='ocrx_word' id='word_1_480' title='bbox 1398 4354 1466 4416; x_wconf 91' lang='grc' dir='ltr'><strong><em>κτλ.</em></strong></span> <span class='ocrx_word' id='word_1_481' title='bbox 1493 4348 1595 4412; x_wconf 85' lang='lat' dir='ltr'>Verba</span> <span class='ocrx_word' id='word_1_482' title='bbox 1616 4347 1705 4418; x_wconf 82' lang='grc' dir='ltr'><strong><em>αδτά</em></strong></span> <span class='ocrx_word' id='word_1_483' title='bbox 1728 4377 1793 4417; x_wconf 92' lang='grc' dir='ltr'>που</span> <span class='ocrx_word' id='word_1_484' title='bbox 1814 4357 1932 4428; x_wconf 80' lang='grc' dir='ltr'><strong><em>ταῦτα,</em></strong></span> <span class='ocrx_word' id='word_1_485' title='bbox 1958 4369 2037 4431; x_wconf 84' lang='lat' dir='ltr'>qnae</span> <span class='ocrx_word' id='word_1_486' title='bbox 2060 4351 2082 4436; x_wconf 70' lang='grc' dir='ltr'>ξ</span> <span class='ocrx_word' id='word_1_487' title='bbox 2103 4354 2143 4414; x_wconf 86' lang='grc'>23</span> <span class='ocrx_word' id='word_1_488' title='bbox 2166 4371 2260 4417; x_wconf 87' lang='lat' dir='ltr'>sensu</span> 
     </span>
     <span class='ocr_line' id='line_1_36' title="bbox 384 4456 2260 4550; baseline 0.004 -31"><span class='ocrx_word' id='word_1_489' title='bbox 384 4457 538 4532; x_wconf 77' lang='lat' dir='ltr'>carebant</span> <span class='ocrx_word' id='word_1_490' title='bbox 559 4477 643 4522; x_wconf 93' lang='lat' dir='ltr'>nunc</span> <span class='ocrx_word' id='word_1_491' title='bbox 666 4460 807 4540; x_wconf 91' lang='lat' dir='ltr'>apertum</span> <span class='ocrx_word' id='word_1_492' title='bbox 830 4460 886 4533; x_wconf 77' lang='lat' dir='ltr'>est</span> <span class='ocrx_word' id='word_1_493' title='bbox 910 4457 982 4538; x_wconf 93' lang='lat' dir='ltr'>quid</span> <span class='ocrx_word' id='word_1_494' title='bbox 1005 4456 1185 4538; x_wconf 81' lang='lat' dir='ltr'>significent.</span> <span class='ocrx_word' id='word_1_495' title='bbox 1225 4457 1315 4521; x_wconf 90' lang='lat' dir='ltr'>Idem</span> <span class='ocrx_word' id='word_1_496' title='bbox 1336 4457 1489 4535; x_wconf 88' lang='lat' dir='ltr'>videlicet,</span> <span class='ocrx_word' id='word_1_497' title='bbox 1512 4458 1593 4538; x_wconf 92' lang='lat' dir='ltr'>quod</span> <span class='ocrx_word' id='word_1_498' title='bbox 1615 4459 1707 4522; x_wconf 86' lang='lat' dir='ltr'>verba</span> <span class='ocrx_word' id='word_1_499' title='bbox 1728 4472 1802 4550; x_wconf 73' lang='grc' dir='ltr'><strong><em>περὶ</em></strong></span> <span class='ocrx_word' id='word_1_500' title='bbox 1822 4459 1933 4531; x_wconf 75' lang='grc' dir='ltr'><strong><em>αὐτῶν</em></strong></span> <span class='ocrx_word' id='word_1_501' title='bbox 1961 4462 2089 4539; x_wconf 64' lang='grc' dir='ltr'><strong><em>τούτων,</em></strong></span> <span class='ocrx_word' id='word_1_502' title='bbox 2119 4463 2260 4545; x_wconf 89' lang='lat' dir='ltr'>adquae</span> 
     </span>
     <span class='ocr_line' id='line_1_37' title="bbox 384 4567 2259 4655; baseline 0.004 -25"><span class='ocrx_word' id='word_1_503' title='bbox 384 4567 538 4630; x_wconf 88' lang='lat' dir='ltr'>artissime</span> <span class='ocrx_word' id='word_1_504' title='bbox 554 4586 587 4631; x_wconf 90' lang='lat' dir='ltr'>se</span> <span class='ocrx_word' id='word_1_505' title='bbox 603 4568 775 4651; x_wconf 89' lang='lat' dir='ltr'>adplicant:</span> <span class='ocrx_word' id='word_1_506' title='bbox 790 4568 887 4633; x_wconf 91' lang='lat' dir='ltr'>haec</span> <span class='ocrx_word' id='word_1_507' title='bbox 900 4569 986 4650; x_wconf 89' lang='lat' dir='ltr'>ipsa</span> <span class='ocrx_word' id='word_1_508' title='bbox 997 4567 1071 4630; x_wconf 90' lang='lat' dir='ltr'>artis</span> <span class='ocrx_word' id='word_1_509' title='bbox 1085 4568 1287 4631; x_wconf 89' lang='lat' dir='ltr'>monumenta</span> <span class='ocrx_word' id='word_1_510' title='bbox 1301 4586 1362 4630; x_wconf 93' lang='lat' dir='ltr'>non</span> <span class='ocrx_word' id='word_1_511' title='bbox 1378 4569 1478 4632; x_wconf 92' lang='lat' dir='ltr'>solum</span> <span class='ocrx_word' id='word_1_512' title='bbox 1494 4568 1644 4632; x_wconf 87' lang='lat' dir='ltr'>intuenda</span> <span class='ocrx_word' id='word_1_513' title='bbox 1659 4569 1714 4632; x_wconf 93' lang='lat' dir='ltr'>sed</span> <span class='ocrx_word' id='word_1_514' title='bbox 1731 4570 1825 4633; x_wconf 88' lang='lat' dir='ltr'>etiam</span> <span class='ocrx_word' id='word_1_515' title='bbox 1840 4570 2125 4655; x_wconf 87' lang='lat' dir='ltr'>disputandum</span> <span class='ocrx_word' id='word_1_516' title='bbox 2141 4592 2206 4638; x_wconf 88' lang='lat' dir='ltr'>asse</span> <span class='ocrx_word' id='word_1_517' title='bbox 2222 4575 2259 4638; x_wconf 91' lang='lat' dir='ltr'>de</span> 
     </span>
     <span class='ocr_line' id='line_1_38' title="bbox 385 4677 2260 4766; baseline 0.004 -26"><span class='ocrx_word' id='word_1_518' title='bbox 385 4677 437 4752; x_wconf 88' lang='lat' dir='ltr'>eis,</span> <span class='ocrx_word' id='word_1_519' title='bbox 461 4678 573 4760; x_wconf 87' lang='lat' dir='ltr'>quippe</span> <span class='ocrx_word' id='word_1_520' title='bbox 596 4678 633 4741; x_wconf 90' lang='lat' dir='ltr'>ds</span> <span class='ocrx_word' id='word_1_521' title='bbox 656 4679 716 4741; x_wconf 91' lang='lat' dir='ltr'>bis</span> <span class='ocrx_word' id='word_1_522' title='bbox 738 4679 842 4760; x_wconf 91' lang='lat' dir='ltr'>ipsis</span> <span class='ocrx_word' id='word_1_523' title='bbox 864 4697 947 4742; x_wconf 88' lang='lat' dir='ltr'>nunc</span> <span class='ocrx_word' id='word_1_524' title='bbox 968 4677 1261 4760; x_wconf 88' lang='lat' dir='ltr'>philosophantibus.</span> <span class='ocrx_word' id='word_1_525' title='bbox 1298 4677 1443 4742; x_wconf 88' lang='lat' dir='ltr'>Hesiodei</span> <span class='ocrx_word' id='word_1_526' title='bbox 1466 4681 1569 4741; x_wconf 90' lang='lat' dir='ltr'>autem</span> <span class='ocrx_word' id='word_1_527' title='bbox 1592 4679 1629 4742; x_wconf 92' lang='lat' dir='ltr'>de</span> <span class='ocrx_word' id='word_1_528' title='bbox 1644 4679 1714 4743; x_wconf 86' lang='lat' dir='ltr'>love</span> <span class='ocrx_word' id='word_1_529' title='bbox 1730 4699 1837 4744; x_wconf 88' lang='lat' dir='ltr'>versus</span> <span class='ocrx_word' id='word_1_530' title='bbox 1852 4701 1935 4746; x_wconf 87' lang='lat' dir='ltr'>nune</span> <span class='ocrx_word' id='word_1_531' title='bbox 1949 4685 2115 4766; x_wconf 90' lang='lat' dir='ltr'>postquam</span> <span class='ocrx_word' id='word_1_532' title='bbox 2137 4684 2174 4748; x_wconf 93' lang='lat' dir='ltr'>de</span> <span class='ocrx_word' id='word_1_533' title='bbox 2188 4684 2260 4748; x_wconf 87' lang='lat' dir='ltr'>Iove</span> 
     </span>
     <span class='ocr_line' id='line_1_39' title="bbox 384 4787 1051 4870; baseline 0.001 -22"><span class='ocrx_word' id='word_1_534' title='bbox 384 4787 534 4851; x_wconf 90' lang='lat' dir='ltr'>disserere</span> <span class='ocrx_word' id='word_1_535' title='bbox 556 4789 707 4866; x_wconf 87' lang='lat' dir='ltr'>convenit,</span> <span class='ocrx_word' id='word_1_536' title='bbox 735 4807 791 4852; x_wconf 87' lang='lat' dir='ltr'>suo</span> <span class='ocrx_word' id='word_1_537' title='bbox 812 4789 877 4852; x_wconf 88' lang='lat' dir='ltr'>loco</span> <span class='ocrx_word' id='word_1_538' title='bbox 899 4789 1051 4870; x_wconf 84' lang='lat' dir='ltr'>leguntur.</span> 
     </span>
    </p>
   </div>
   <div class='ocr_carea' id='block_1_3' title="bbox 539 4955 1422 5026">
    <p class='ocr_par' dir='ltr' id='par_1_8' title="bbox 539 4955 1422 5026">
     <span class='ocr_line' id='line_1_40' title="bbox 539 4955 1422 5026; baseline 0.002 -17"><span class='ocrx_word' id='word_1_539' title='bbox 539 4959 560 5021; x_wconf 86' lang='lat'>¹)</span> <span class='ocrx_word' id='word_1_540' title='bbox 578 4956 641 5010; x_wconf 85' lang='lat' dir='ltr'>baec</span> <span class='ocrx_word' id='word_1_541' title='bbox 658 4957 736 5010; x_wconf 87' lang='lat' dir='ltr'>verbs</span> <span class='ocrx_word' id='word_1_542' title='bbox 753 4955 861 5009; x_wconf 87' lang='lat' dir='ltr'>delenda</span> <span class='ocrx_word' id='word_1_543' title='bbox 878 4973 934 5010; x_wconf 84' lang='lat' dir='ltr'>osse</span> <span class='ocrx_word' id='word_1_544' title='bbox 951 4973 981 5008; x_wconf 85' lang='lat' dir='ltr'>ex</span> <span class='ocrx_word' id='word_1_545' title='bbox 998 4959 1088 5010; x_wconf 78' lang='lat' dir='ltr'>nmtra</span> <span class='ocrx_word' id='word_1_546' title='bbox 1105 4955 1280 5025; x_wconf 82' lang='lat' dir='ltr'>disputatione</span> <span class='ocrx_word' id='word_1_547' title='bbox 1297 4957 1422 5026; x_wconf 86' lang='lat' dir='ltr'>sequitur.</span> 
     </span>
    </p>
   </div>
   <div class='ocr_carea' id='block_1_4' title="bbox 385 5039 2262 5197">
    <p class='ocr_par' dir='ltr' id='par_1_9' title="bbox 385 5039 2262 5197">
     <span class='ocr_line' id='line_1_41' title="bbox 537 5039 2262 5118; baseline 0.004 -24"><span class='ocrx_word' id='word_1_548' title='bbox 537 5043 559 5106; x_wconf 81' lang='lat'>²)</span> <span class='ocrx_word' id='word_1_549' title='bbox 578 5041 610 5094; x_wconf 89' lang='lat' dir='ltr'>de</span> <span class='ocrx_word' id='word_1_550' title='bbox 630 5042 725 5094; x_wconf 83' lang='lat' dir='ltr'>statuis</span> <span class='ocrx_word' id='word_1_551' title='bbox 750 5041 929 5094; x_wconf 84' lang='lat' dir='ltr'>tantummodo</span> <span class='ocrx_word' id='word_1_552' title='bbox 953 5041 1028 5102; x_wconf 82' lang='lat' dir='ltr'>dixit,</span> <span class='ocrx_word' id='word_1_553' title='bbox 1049 5057 1127 5110; x_wconf 83' lang='lat' dir='ltr'>quara</span> <span class='ocrx_word' id='word_1_554' title='bbox 1148 5058 1211 5094; x_wconf 90' lang='lat' dir='ltr'>num</span> <span class='ocrx_word' id='word_1_555' title='bbox 1234 5039 1395 5113; x_wconf 79' lang='grc' dir='ltr'><strong><em>ποιημάτων</em></strong></span> <span class='ocrx_word' id='word_1_556' title='bbox 1413 5040 1490 5111; x_wconf 85' lang='lat' dir='ltr'>(quod</span> <span class='ocrx_word' id='word_1_557' title='bbox 1508 5044 1655 5096; x_wconf 74' lang='lat' dir='ltr'>statuariam</span> <span class='ocrx_word' id='word_1_558' title='bbox 1674 5042 1765 5097; x_wconf 87' lang='lat' dir='ltr'>titulos</span> <span class='ocrx_word' id='word_1_559' title='bbox 1783 5045 1824 5098; x_wconf 89' lang='lat' dir='ltr'>vix</span> <span class='ocrx_word' id='word_1_560' title='bbox 1843 5045 1990 5112; x_wconf 80' lang='lat' dir='ltr'>significare</span> <span class='ocrx_word' id='word_1_561' title='bbox 2008 5050 2111 5118; x_wconf 79' lang='lat' dir='ltr'>potest)</span> <span class='ocrx_word' id='word_1_562' title='bbox 2129 5047 2262 5117; x_wconf 85' lang='lat' dir='ltr'>scripserit</span> 
     </span>
     <span class='ocr_line' id='line_1_42' title="bbox 385 5119 1539 5197; baseline 0.003 -19"><span class='ocrx_word' id='word_1_563' title='bbox 385 5125 442 5192; x_wconf 78' lang='lat' dir='ltr'>Dio,</span> <span class='ocrx_word' id='word_1_564' title='bbox 462 5125 536 5179; x_wconf 82' lang='lat' dir='ltr'>valde</span> <span class='ocrx_word' id='word_1_565' title='bbox 554 5125 652 5181; x_wconf 83' lang='lat' dir='ltr'>dubito.</span> <span class='ocrx_word' id='word_1_566' title='bbox 687 5125 813 5195; x_wconf 76' lang='lat' dir='ltr'>Expectas</span> <span class='ocrx_word' id='word_1_567' title='bbox 830 5119 1011 5194; x_wconf 81' lang='grc' dir='ltr'><strong><em>α’γαλμάτων,</em></strong></span> <span class='ocrx_word' id='word_1_568' title='bbox 1030 5123 1206 5194; x_wconf 80' lang='grc' dir='ltr'><strong><em>πλασμάτων,</em></strong></span> <span class='ocrx_word' id='word_1_569' title='bbox 1224 5124 1382 5197; x_wconf 66' lang='grc' dir='ltr'><strong><em>θεαμάτων,</em></strong></span> <span class='ocrx_word' id='word_1_570' title='bbox 1399 5127 1451 5181; x_wconf 72' lang='lat' dir='ltr'>tals</span> <span class='ocrx_word' id='word_1_571' title='bbox 1468 5127 1539 5195; x_wconf 86' lang='lat' dir='ltr'>quid.</span> 
     </span>
    </p>
   </div>
   <div class='ocr_carea' id='block_1_5' title="bbox 0 0 2437 6100">
    <p class='ocr_par' dir='ltr' id='par_1_10' title="bbox 0 0 2437 6100">
     <span class='ocr_line' id='line_1_43' title="bbox 0 0 2437 6100; baseline 0 0"><span class='ocrx_word' id='word_1_572' title='bbox 0 0 2437 6100; x_wconf 95' lang='lat' dir='ltr'> </span> 
     </span>
    </p>
   </div>
  </div>
 </body>
</html>
