4844 6104
1304 489 1343 551 12

1219 577 1420 587 ——-

380 690 487 750 mente
514 687 705 768 parturiente
730 687 916 766 dictasunt,
946 690 1058 755 consto
1079 692 1217 773 tempore
1238 691 1382 756 formavit
1403 693 1471 771 Dio,
1494 694 1569 757 item
1591 692 1709 776 primae
1737 691 1863 756 actionis
1891 690 2006 772 priores
2037 688 2115 752 duas
2142 689 2263 770 partes.

381 795 458 860 Inde
482 815 501 859 a
522 797 615 860 tertia
637 797 782 880 deinceps
804 800 959 881 praesenti
980 800 1080 864 utitur
1100 803 1138 864 ut
1159 803 1315 864 creantem
1336 801 1491 865 describat
1510 805 1657 866 mentem.
1762 877 1765 882 ‚

535 908 581 970 Ex
604 909 728 970 aethere
751 926 813 984 aer,
836 928 872 973 ex
895 928 963 974 aere
986 929 1068 991 aqua
1089 911 1227 993 gignitur
1248 911 1420 976 secundum
1443 911 1570 989 Stoicos,
1593 929 1675 992 aqua
1697 913 1801 974 autem
1823 911 1912 992 quasi
1934 927 2039 974 semen
2057 910 2104 972 est
2117 909 2263 971 omnium

382 1129 580 1191 occurrerent
611 1127 705 1192 Stoici
738 1129 810 1192 huic
838 1129 1022 1194 dubitationi
1064 1132 1210 1195 tradidit:
1245 1129 1356 1218 ἕπειδή
1386 1128 1451 1221 γάρ
1477 1137 1583 1198 αἴτιον
1611 1129 1763 1215 κινήσεώς
1789 1131 1858 1197 ἐστι
1891 1130 1928 1197 τὸ
1961 1135 2042 1219 πῦρ,
2073 1142 2189 1212 κίνησις
2223 1130 2263 1194 δὲ

381 1249 533 1321 γενέσεως
556 1229 652 1328 οἷρχή,
674 1248 829 1321 γενέσθαι
852 1241 887 1307 δὲ
902 1238 980 1307 ἄνευ
1003 1241 1150 1330 κινήσεως
1171 1241 1279 1310 ὅτιοῖιν
1301 1238 1478 1318 α’δύνατον,
1502 1243 1629 1327 ἔφασαν
1649 1236 1701 1307 ὅτι
1722 1237 1806 1324 μετά
1829 1240 1889 1327 τήν
1910 1231 2098 1329 ἐκπύρωσιν,
2121 1234 2264 1306 ἐπειδάν

383 1347 401 1416 ὁ
425 1361 496 1428 νέος
519 1347 634 1432 κόσμος
655 1353 755 1444 μέλλῃ
777 1351 1053 1438 δημιουργεῑσθαι,
1085 1351 1220 1435 σύμπαν
1246 1359 1307 1435 μὲν
1328 1352 1364 1417 τὸ
1387 1358 1453 1433 πῦρ
1476 1349 1514 1418 οὐ
1545 1355 1728 1432 σβέννυνται,
1758 1347 1840 1436 ποσή
1878 1351 1916 1416 δέ
1949 1376 1999 1427 τις
2027 1345 2131 1418 αὐτοῦ
2159 1361 2261 1438 μοῖρα

384 1457 610 1526 ὑπολείπεται.
654 1459 696 1522 ut
716 1477 756 1522 ue
778 1459 836 1523 boc
858 1460 984 1541 quidem
1005 1460 1166 1524 inventum
1187 1459 1323 1541 neglexit
1344 1460 1410 1534 Dio,
1432 1479 1504 1522 cum
1526 1477 1697 1540 magnam
1719 1458 1798 1540 ignis
1820 1460 1968 1541 partem
1984 1458 2066 1522 dicat
2080 1457 2262 1538 extinguere

384 1571 525 1632 mentem
544 1569 618 1649 (non
640 1587 764 1633 omnem
785 1569 892 1651 igitur)
916 1572 948 1633 et
974 1570 1104 1633 transire
1135 1570 1167 1633 in
1197 1587 1300 1634 aerem
1329 1569 1533 1633 fervidum.
1586 1568 1645 1633 Sed
1677 1589 1731 1633 cur
1757 1571 1823 1633 tam
1851 1570 1980 1634 molesto
2009 1588 2086 1632 usus
2116 1569 2157 1632 sit
2178 1569 2264 1651 pleo-

385 1697 501 1754 nasm0‚
531 1681 567 1741 ut
593 1678 709 1742 diceret
731 1672 862 1770 πυρώδη
896 1681 995 1768 πυρὸς
1026 1679 1135 1767 ἠπίου,
1167 1699 1229 1744 non
1262 1679 1348 1742 video
1370 1697 1518 1758 causam3
1553 1680 1708 1760 glossema
1728 1679 1805 1742 mihi
1827 1679 1947 1742 videtur
1976 1680 2075 1768 πυρὸς
2101 1678 2201 1765 ἠπίου
2223 1697 2263 1740 ex

384 1788 639 1866 antecedentibus
661 1789 804 1879 ἐπράυνε
825 1800 882 1855 καῖ
905 1788 1024 1877 άνῆκεν
1047 1788 1148 1858 αὐτόν
1170 1791 1286 1854 fictum.

539 1897 685 1978 Sequitur
701 1898 779 1962 aeris
794 1899 826 1961 in
842 1916 955 1978 aquam
970 1899 1130 1976 transitus,
1147 1918 1239 1980 quem
1255 1901 1290 1962 ut
1304 1917 1389 1962 more
1405 1899 1492 1963 solito
1507 1900 1714 1982 mythologice
1728 1901 1811 1963 veste
1827 1902 1958 1976 ornaret,
1974 1900 2051 1963 baec
2066 1897 2261 1978 excogitavit:

590 2016 724 2094 μοχθεῖς
745 2011 781 2076 δὲ
803 2009 880 2076 τότε
890 2004 978 2099 Ἥρᾳ
1000 2021 1055 2076 καὶ
1078 2008 1276 2094 μεταλαβών
1301 2015 1361 2077 τοῦ
1390 2009 1594 2077 τελειοτάτου
1624 2014 1735 2096 λέχους
1762 2008 2041 2095 οἶναπαυσάμενος
2063 2007 2179 2096 uigetque
2204 2008 2265 2092 τὴν

589 2125 703 2184 πᾶσαν
736 2111 780 2186 αὖ
811 2124 869 2186 τοῦ
902 2119 1023 2198 παντὸς
1054 2118 1159 2206 γονήν.
1193 2126 1304 2188 τοῦτον
1331 2117 1468 2202 ὑμνοῦσι
1491 2121 1607 2196 παῖδες
1631 2125 1737 2202 σοφοῖν
1758 2122 1794 2188 έν
1817 2118 1961 2209 ἀρρήτοις
1987 2123 2129 2196 τελεταῖς
2155 2114 2262 2203 Ἥρας

589 2238 644 2293 καὶ
666 2228 740 2306 Διὸς
761 2223 941 2312 εὖδαίμονα
963 2229 1076 2312 γάμον.

541 2335 687 2419 Stupebis
710 2337 749 2400 ad
778 2355 892 2400 novam
922 2339 1003 2401 hauc
1031 2339 1110 2402 sacri
1137 2339 1218 2402 inter
1246 2338 1353 2402 lovem
1385 2340 1417 2402 et
1448 2338 1600 2402 Iunonem
1627 2339 1816 2402 matrimonii
1837 2339 2134 2421 interpretationem.
2178 2335 2264 2398 Nam

386 2447 545 2511 sollemnis
575 2446 700 2527 quidem
722 2447 770 2510 est
791 2448 822 2510 et
844 2447 925 2529 apud
947 2447 1142 2529 philosophos
1165 2450 1197 2511 et
1218 2447 1298 2530 apud
1320 2450 1428 2530 poetas
1450 2448 1633 2529 allegoricus
1654 2449 1746 2512 huius
1761 2449 1882 2512 fabulae
1897 2468 1973 2512 usus
1987 2467 2088 2529 neque
2107 2448 2211 2529 inepte
2230 2447 2263 2508 in

389 2556 560 2620 Homericis
583 2557 736 2637 allegoriis
767 2558 849 2647 ἱερὸς
871 2548 975 2643 γάμος
1002 2558 1040 2620 ad
1069 2557 1145 2621 caeli
1174 2577 1266 2621 verno
1296 2560 1434 2640 tempore
1464 2556 1654 2621 hilaritatem
1685 2557 1827 2622 retertur.
1871 2562 1935 2623 Aer
1956 2559 2049 2636 enim,
2084 2577 2177 2640 quem
2210 2556 2264 2620 diu

389 2668 510 2748 hiemps
532 2666 773 2742 contristaverat
794 2686 865 2730 vere
890 2668 1003 2750 quippe
1025 2667 1139 2730 mixtus
1159 2687 1230 2731 cum
1250 2669 1372 2731 aethere
1395 2685 1504 2731 serena
1521 2668 1589 2732 luce
1604 2667 1807 2750 pertunditur.
1831 2671 1910 2752 Apte
1926 2673 2031 2734 autem
2047 2669 2179 2733 duorum
2203 2668 2266 2730 ele-

390 2779 566 2841 mentorum
577 2777 823 2841 coniunctionem
835 2778 1006 2860 comparari
1019 2779 1146 2841 deorum
1158 2779 1354 2842 matrimonio
1367 2777 1435 2858 quis
1446 2777 1593 2857 negabit?
1617 2776 1685 2840 Hoc
1703 2781 1808 2841 autem
1823 2779 1889 2842 loco
1905 2779 1942 2842 de
1958 2779 2050 2843 unius
2073 2777 2267 2842 substantiae

389 2887 650 2952 vicissitudinibus
673 2887 840 2962 disseritur,
864 2905 942 2968 quae
965 2887 1109 2968 sibiipsa
1131 2905 1235 2950 semen
1258 2887 1370 2951 inferre
1393 2887 1512 2968 cogitur
1534 2887 1675 2950 aDione.
1705 2886 1767 2951 Sed
1788 2888 1936 2969 legentes,
1960 2889 2013 2970 qui
2034 2889 2133 2953 tulere
2148 2907 2266 2969 equum

390 3000 578 3075 terrestrem
600 2998 701 3062 ferent
722 2999 816 3061 etiem
838 2997 896 3061 hoc
916 2997 1150 3060 matrimonium
1172 2997 1262 3077 quod,
1285 2996 1342 3060 etsi
1364 3001 1471 3060 contra
1484 3014 1593 3059 sanam
1609 2997 1763 3078 cogitandi
1777 2998 1927 3062 rationem
1942 3002 2070 3082 pugnat,
2087 3017 2121 3063 eo
2136 2998 2267 3082 paulum

392 3110 565 3186 excusatur,
590 3108 672 3190 quod
694 3126 800 3172 semen
822 3107 949 3188 igneum
971 3126 1042 3170 cum
1065 3105 1174 3170 Stoicis
1196 3105 1303 3170 furtim
1324 3106 1491 3187 reliquerat
1511 3106 1649 3189 scriptor.
1693 3106 1761 3171 Hoc
1777 3108 1871 3189 igitur
1895 3108 2073 3192 putabimus
2095 3108 2267 3172 secundum

390 3220 522 3283 Diouem
544 3219 644 3282 divim
666 3217 862 3282 matrimonio
884 3216 1068 3297 significari:
1093 3217 1226 3281 aetheris
1247 3216 1393 3297 reliquias
1415 3216 1478 3279 aeri
1499 3235 1566 3280 sese
1588 3216 1810 3298 immergentis.

542 3346 653 3428 Neque
679 3346 742 3409 iam
764 3345 913 3408 mirabere
936 3362 973 3407 ex
994 3343 1049 3406 tali
1071 3343 1236 3407 concubitu
1257 3344 1381 3407 insolita
1402 3363 1523 3425 quoque
1546 3343 1640 3424 gigni.
1686 3343 1867 3426 Sequuntur
1888 3345 1970 3408 enirn
1992 3364 2071 3409 nova
2096 3345 2264 3408 muccula:

391 3457 461 3522 Non
484 3457 670 3538 ingravescit
691 3475 776 3530 uxor,
799 3455 852 3519 sed
874 3455 1053 3518 universum
1076 3454 1107 3516 in
1129 3454 1293 3517 humidum
1314 3454 1445 3517 vertitur
1467 3472 1581 3518 semen.
1626 3453 1664 3517 In
1687 3455 1744 3518 boc
1766 3457 1872 3518 autem
1893 3454 2007 3518 iterum
2035 3473 2126 3518 mens
2148 3459 2272 3534 regnat,

393 3571 425 3631 et
446 3568 550 3632 omnia
571 3567 712 3631 videmus
728 3565 861 3629 universi
883 3566 948 3629 tata
970 3583 1116 3647 superare
1138 3565 1175 3632 τὸ
1197 3556 1399 3654 ἡγεμονικόν.
1443 3562 1528 3627 Haec
1550 3564 1633 3626 enim
1656 3563 1722 3639 Dic,
1744 3567 1909 3647 postquam
1931 3564 2007 3627 dixit
2028 3584 2119 3628 omne
2133 3564 2269 3627 universi

395 3697 499 3742 semen
522 3678 555 3740 in
577 3677 635 3741 hoc
656 3676 851 3740 matrimonio
874 3677 1019 3739 amente
1041 3674 1141 3738 emitti
1163 3675 1195 3756 (ᾗ
1218 3673 1290 3757 37)ε

595 3786 698 3876 ὑγράν
712 3789 749 3854 δὲ
764 3786 904 3874 ποιήσας
926 3787 984 3872 τὴν
998 3784 1075 3872 ὅλην
1089 3784 1212 3866 ου’σίαν,
1230 3788 1266 3851 ἓν
1281 3797 1410 3872 σπέρμα
1425 3784 1484 3852 τοῦ
1501 3785 1631 3864 παντός,
1648 3781 1749 3863 adele
1765 3786 1802 3854 ἔν
1817 3785 1919 3875 τούτῳ
1934 3787 2092 3863 διαθέων,
2109 3784 2269 3868 καθάπερ

595 3900 631 3964 ἔν
651 3903 727 3998 γονῇ
755 3902 885 3981 πνεῦμα
907 3896 944 3962 τά
969 3893 1117 3963 πλάττον
1139 3905 1194 3961 καὶ
1216 3896 1440 3984 δημιουργοῦν·
1463 3893 1536 3961 τότε
1558 3895 1595 3980 δὴ
1617 3895 1762 3980 μάλιστα
1786 3893 1980 3982 προσεοικώς
2001 3894 2039 3993 τῇ
2069 3901 2135 3963 τῶν
2159 3891 2269 3962 ἄλλων

596 4001 744 4075 συστάσει
759 4007 848 4097 ζῴων
863 4004 1011 4074 καθόσον
1032 4006 1068 4072 ἐκ
1091 4011 1198 4092 ψυχῆς
1213 4015 1267 4072 καὶ
1288 4003 1435 4088 σώματος
1450 3995 1642 4072 συνεστάναι
1656 4008 1771 4087 λέγοιτ’
1788 4003 1831 4072 dv
1845 4004 1903 4074 οὔκ
1918 4004 1987 4072 άπο
2003 4005 2133 4094 τρόπου·
2150 4003 2193 4073 τά
2209 4009 2267 4071 λοι-

595 4119 645 4184 πά
669 4115 725 4205 ἤδη
748 4119 865 4208 ῥᾳδίως
888 4115 1024 4183 πλάττει
1045 4127 1101 4182 καὶ
1122 4131 1229 4190 τυποῖ,
1252 4118 1345 4182 λείαν
1366 4125 1421 4180 καὶ
1442 4114 1593 4198 μαλακὴν
1615 4109 1706 4205 αὐτῷ
1721 4128 1871 4205 περιχέας
1885 4117 1943 4204 τὴν
1958 4113 2072 4183 οιῗσίαν
2085 4126 2142 4181 καὶ
2157 4123 2270 4184 πᾶσαν

594 4233 747 4295 εἴκουσαν
769 4223 919 4304 εὐπετῶς.

544 4353 710 4438 Physicam
738 4353 893 4418 rationem
915 4353 1029 4435 optime
1051 4352 1206 4434 Diogenes
1226 4352 1397 4426 neoniae)
1421 4350 1569 4432 explicat:
1595 4350 1774 4442 κατ’άρχοὶς
1797 4361 1857 4437 μὲν
1880 4346 1939 4422 οὖν
1960 4360 2034 4420 κατ’
2057 4350 2163 4422 αὐτόν
2186 4351 2267 4421 ὄντα

392 4480 525 4555 τρέπειν
546 4467 604 4551 τὴν
627 4472 741 4532 πάσαν
763 4463 877 4533 οὐσίαν
899 4466 940 4532 δι’
964 4460 1059 4549 α’έρος
1082 4469 1126 4540 εἰς
1148 4458 1240 4550 ὕδωρ·
1262 4475 1316 4529 καὶ
1339 4460 1448 4550 ὥσπερ
1469 4464 1507 4531 έν
1528 4467 1568 4559 τῇ
1589 4467 1670 4560 γονῇ
1691 4463 1727 4530 ro*
1742 4476 1869 4550 σπέρμα
1885 4477 2079 4555 περιέχεται,
2106 4461 2190 4533 οὕτω
2214 4477 2268 4530 καὶ

395 4581 510 4645 τοῦτον
531 4574 748 4664 σπερματικὸν
770 4575 868 4659 λόγον
888 4571 968 4644 ὄντα
990 4580 1046 4641 τοῦ
1067 4573 1322 4658 stupefactae
1345 4574 1584 4643 ὑπολείπεσθαι
1606 4576 1643 4642 ἓν
1663 4579 1709 4664 τῷ
1731 4571 1827 4664 ὑγρῷ,
1851 4572 1981 4660 εὐεργὸν
2002 4571 2095 4665 αὐτῷ
2110 4579 2269 4642 ποιοῦντα

392 4685 453 4774 τήν
482 4685 564 4776 ι’)’λην
594 4689 673 4775 πρὸς
703 4688 764 4772 τήν
801 4692 866 4754 τῶν
903 4690 976 4774 ἑξῆς
1005 4697 1137 4768 γένεσιν,
1180 4686 1236 4750 εἶτ’
1275 4683 1460 4768 άπογεννοῖν
1490 4687 1557 4752 κτλ.
1588 4702 1688 4764 neque
1716 4685 1791 4766 puto
1818 4684 1899 4747 hane
1931 4685 2118 4748 sententiam
2148 4684 2269 4748 Reiskio

391 4798 555 4864 obscuram
570 4797 674 4874 fuisse,
698 4797 751 4860 sed
766 4797 868 4860 media
890 4796 984 4860 verba
1006 4813 1086 4876 quae
1108 4798 1182 4858 suut
1204 4812 1222 4857 a
1243 4788 1587 4884 καθάπερ-τρόπου
1611 4813 1643 4858 se
1665 4813 1727 4857 non
1748 4793 1933 4860 intellexisse
1954 4795 2077 4861 fatetur.
2112 4795 2172 4859 Sed
2194 4795 2270 4858 haec

546 5029 568 5090 Ι)
586 5029 619 5085 ot.
636 5045 660 5096 p.
679 5026 737 5087 253,
758 5029 785 5079 et
801 5025 882 5078 Zeller
898 5024 917 5077 l.
937 5040 958 5078 e.
977 5024 1035 5090 151,
1053 5022 1111 5077 adu.
1131 5025 1154 5077 1.

545 5113 567 5180 ’λ
586 5113 616 5166 cl.
635 5112 692 5178 vu,
712 5111 761 5166 136
779 5128 802 5180 p.
822 5109 914 5177 188‚24
932 5108 1020 5164 Cobet.
1038 5111 1066 5163 et
1082 5109 1163 5163 Zeller
1179 5109 1196 5162 l.
1215 5123 1235 5159 c.
1254 5123 1278 5176 p.
1299 5105 1354 5159 149.
