4844 6104
1097 1515 1125 1589 1.

319 1685 514 1815 Mirabilem
551 1749 588 1813 de
622 1747 741 1814 mundo
766 1747 915 1826 tabulam,
939 1767 1018 1828 quae
1040 1749 1154 1830 legitur
1185 1749 1217 1812 in
1250 1747 1386 1812 Dionia
1419 1748 1581 1813 Prusaei
1614 1748 1749 1812 oratione
1771 1749 1906 1813 XXXVI
1927 1751 1968 1812 43
2005 1769 2050 1832 sq.

166 1861 372 1942 Reganus,
408 1861 459 1941 qui
492 1878 591 1942 nuper
622 1859 660 1924 de
682 1859 782 1922 Dione
811 1859 954 1939 theologo
977 1859 1079 1942 egit‚¹)
1106 1861 1272 1942 postquam
1301 1878 1372 1923 cum
1400 1859 1564 1924 Meinersio
1586 1859 1652 1922 iure
1679 1860 1805 1940 negavit
1826 1879 1862 1922 er
1884 1861 2052 1924 Zoroastris

171 1972 310 2036 doctrina
334 1990 403 2035 eam
425 1971 571 2034 haustam
594 1989 668 2046 csse,
692 1989 728 2033 ex
750 1969 880 2057 Platone
903 1969 1062 2032 contendit
1085 1973 1115 2032 et
1138 1987 1175 2032 er
1197 1968 1307 2032 Stoicis
1329 1987 1395 2033 esse
1418 1970 1589 2034 confictam.
1623 1973 1725 2050 Atque
1747 1989 1823 2034 usus
1846 1974 1894 2034 est
1907 1971 1967 2034 Dio
1985 1960 2064 2034 sinew

167 2083 259 2146 dubio
282 2086 313 2145 et
333 2081 462 2144 Platone
487 2082 519 2144 et
542 2079 662 2144 Stoicis.
697 2079 760 2144 Sed
783 2099 819 2142 ex
841 2079 893 2143 illo
917 2079 1132 2143 tantummodo
1153 2079 1269 2143 colores
1292 2079 1442 2160 quosdam
1461 2083 1624 2144 mutuatus
1640 2080 1679 2144 ad
1692 2079 1866 2144 Stoicorum
1882 2080 2052 2145 doctrinam

167 2210 258 2256 omne
280 2191 403 2256 fabulae
426 2193 647 2272 argumentum
669 2192 736 2254 tam
759 2192 884 2254 strenue
908 2190 1016 2271 exegit,
1039 2193 1076 2252 ut
1096 2191 1129 2252 in
1151 2191 1209 2254 bac
1232 2190 1357 2272 quidem
1378 2190 1514 2254 oratione
1546 2209 1712 2272 germanus
1740 2189 1904 2274 Chrysippi
1933 2192 2051 2254 assecla

167 2302 307 2365 videatur
328 2319 395 2365 esse
417 2301 485 2364 Dio.
521 2300 582 2380 Qui
604 2319 659 2364 our
680 2301 864 2364 Zoroastren
886 2301 987 2383 mythi
1010 2302 1169 2364 auctorem
1192 2301 1253 2364 sive
1276 2301 1341 2364 ioco
1363 2302 1426 2364 siue
1449 2302 1527 2364 serio
1549 2301 1699 2364 mentitus
1724 2301 1764 2364 sit
1781 2321 1865 2364 nunc
1885 2321 1947 2366 non
1963 2305 2052 2366 vacat

167 2430 323 2493 quaerere,
346 2411 401 2476 sed
424 2412 562 2492 singulas
584 2410 708 2475 fabulae
728 2414 833 2493 partes
855 2411 939 2474 brevi
955 2410 1175 2474 commentario
1189 2429 1367 2493 persequar.
1406 2412 1573 2494 Apparebit
1588 2411 1669 2474 bano
1684 2411 1864 2492 allegoriam
1880 2431 1915 2475 eo
1926 2414 2050 2476 tantum

168 2523 206 2585 ab
222 2522 372 2586 Heracliti
389 2521 518 2587 Comuti
544 2522 675 2586 aliorum
699 2521 829 2598 differre,
853 2521 934 2602 quod
950 2520 989 2584 ad
1011 2521 1189 2584 continuam
1211 2521 1419 2584 narrationem
1442 2521 1501 2585 Dio
1522 2521 1660 2584 fabulare
1683 2524 1902 2602 argumentum
1924 2522 2050 2603 redegit.

320 2631 452 2695 Dionem
467 2631 726 2714 interpretaturus
742 2632 864 2714 saepius
880 2650 940 2695 non
956 2631 1042 2712 potui
1058 2631 1247 2694 coniectandi
1263 2631 1363 2695 aleam
1375 2651 1435 2696 non
1448 2632 1616 2714 suscipere;
1633 2651 1825 2712 quamquam
1836 2652 1897 2696 nun
1910 2631 1990 2713 fugit
2000 2652 2050 2697 me

168 2743 337 2806 cautiorem
351 2761 401 2805 me
417 2741 557 2805 luturum
573 2741 678 2820 luisse,
694 2742 721 2804 si
736 2741 838 2823 copias
855 2742 1072 2823 expectassem,
1089 2759 1166 2821 quas
1182 2741 1221 2804 H.
1239 2741 1282 2804 de
1297 2742 1436 2805 Arnim
1451 2760 1535 2804 nunc
1549 2741 1641 2804 Dioni
1654 2745 1754 2823 parat,
1771 2743 1824 2822 qui
1838 2743 1870 2806 in
1885 2743 2051 2807 novissimo

169 2851 305 2915 Hermae
328 2853 482 2916 volumine
504 2852 591 2916 docte
615 2851 788 2926 disseruit2)
811 2851 847 2915 de
870 2851 997 2915 historia
1020 2852 1203 2933 scriptorum
1218 2852 1415 2915 Dioneorum.
1449 2851 1595 2916 Libenter
1610 2852 1649 2915 ab
1665 2852 1722 2916 hoc
1737 2852 1875 2932 docebor,
1891 2854 1943 2917 ubi
1958 2855 2050 2918 unius

169 2962 416 3026 Mearmanniani
438 2963 550 3026 codicis
570 2963 680 3026 notitia
701 2963 732 3024 in
755 2981 872 3025 errores
886 2981 937 3025 me
951 2961 1080 3025 induxit.
1119 2961 1180 3026 Sed
1194 2981 1256 3026 non
1272 2963 1427 3026 sanabunt
1440 2963 1510 3025 libri
1525 2962 1628 3025 omnia
1642 2962 1750 3026 Dionis
1765 2963 1902 3043 vulnera,
1919 2984 2051 3046 quorum

167 3073 194 3134 si
215 3073 291 3136 mibi
315 3073 443 3154 contigit
465 3075 501 3136 ut
522 3075 628 3156 paucis
650 3073 803 3148 mederer,
827 3073 1002 3154 symbolam
1024 3072 1075 3134 ille
1098 3091 1159 3135 non
1181 3071 1355 3154 repudiabit
1377 3073 1416 3135 ad
1438 3091 1562 3154 operam
1588 3073 1722 3136 maxime
1749 3074 1928 3150 salutarem,
1956 3094 2050 3156 quam

166 3183 234 3265 ipse
257 3183 349 3247 Dioni
370 3183 549 3266 praestabit.

322 3294 390 3358 Hac
410 3293 507 3374 igitur
528 3294 599 3356 inde
623 3312 641 3356 a
664 3294 741 3373 §43
764 3293 822 3357 Dio
845 3293 943 3355 utitur
964 3293 1110 3374 imagine,
1133 3295 1169 3356 ut
1191 3292 1370 3356 universum
1384 3293 1471 3357 nobis
1486 3297 1711 3375 repraesentet:
1728 3313 1836 3358 currus
1851 3297 1900 3358 est
1913 3295 2049 3358 mundus

167 3405 257 3468 cuius
280 3405 466 3486 gubernator
489 3406 636 3486 quattuor
664 3422 759 3484 equos
782 3421 908 3466 currum
929 3403 1079 3466 vehentes
1101 3401 1195 3466 frenis
1217 3406 1344 3468 coercet.
1383 3403 1487 3484 Equos
1511 3403 1664 3467 elementa
1686 3423 1752 3468 esse
1772 3405 1930 3468 neminem
1950 3407 2004 3488 pot
2027 3405 2051 3468 't

166 3515 274 3595 fugere
297 3515 316 3577 i.
342 3533 368 3578 e.
392 3515 517 3578 aethera
540 3532 643 3578 aerem
666 3531 780 3594 aquam
802 3516 926 3577 terram.
962 3515 1098 3578 Aethera
1120 3515 1203 3578 enim
1224 3533 1286 3578 non
1308 3514 1413 3594 ignem
1435 3515 1534 3596 primo
1550 3515 1785 3592 substituemus,
1801 3534 1873 3579 oum
1889 3518 1909 3595 ξ
1923 3517 2049 3578 43-44

164 3645 230 3689 που
253 3625 291 3688 de
314 3625 378 3706 igni
399 3643 453 3707 per
475 3643 565 3688 omne
588 3623 724 3706 disperso
748 3627 869 3704 agatur,
893 3623 946 3687 sed
969 3623 1007 3687 de
1037 3641 1181 3705 supremo
1210 3624 1282 3688 orbe
1312 3625 1453 3688 aetherio.
1499 3623 1720 3705 Quadrigarius
1743 3633 1849 3690 autem
1872 3625 1925 3706 qui
1946 3625 2048 3689 currui

163 3735 283 3798 insist't
304 3753 393 3798 mens
417 3736 464 3798 est
486 3735 548 3798 sive
571 3734 664 3798 deum
686 3735 749 3797 siue
773 3734 916 3816 spiritum
938 3734 1093 3816 appellare
1115 3735 1214 3798 mavis
1235 3735 1299 3798 vim
1320 3735 1428 3798 mundi
1455 3736 1712 3817 gubernatricem.
1757 3735 1935 3799 Memineris
1966 3737 2048 3800 enim

163 3865 205 3910 ne
230 3844 348 3909 Stoicos
372 3845 496 3926 quidem
519 3847 661 3908 accurate
683 3844 764 3908 inter
786 3844 879 3908 deum
902 3848 933 3907 et
954 3845 1137 3927 primarium
1158 3845 1234 3908 illud
1263 3845 1453 3909 elementum
1484 3847 1682 3926 distinguere.
1727 3846 1834 3910 Dionis
1865 3845 1959 3926 igitur
1980 3847 2045 3910 Deo

162 3956 365 4038 gubernatori
394 3957 426 4018 et
454 3958 596 4038 separato
626 3957 663 4019 ab
694 3955 780 4036 equis
810 3974 907 4036 equus
929 3957 1048 4038 primus
1071 3974 1159 4018 sacer
1180 3959 1235 4033 est,
1259 3955 1357 4038 (εἶναι
1379 3957 1441 4046 γάρ
1463 3955 1502 4044 dp*
1525 3963 1583 4025 τοῦ
1605 3952 1792 4044 ξύμπαντος
1813 3972 1895 4042 μίαν
1917 3955 2048 4046 α’γιογήν

161 4096 197 4135 τε
213 4077 271 4134 καὶ
287 4057 455 4152 ἡνιόχησιν
470 4065 534 4134 ὑπό
550 4072 604 4153 τῆς
619 4063 721 4155 ἄκρας
736 4067 908 4155 ἐμπειρίας
921 4093 956 4132 τε
971 4077 1027 4133 καῖ
1040 4060 1146 4156 ῥιόμης
1160 4079 1350 4154 γιγνομένην
1363 4069 1383 4146 ξ
1396 4068 1446 4132 42,
1466 4080 1548 4152 ηασῑ
1562 4074 1628 4136 τῶν
1642 4073 1754 4135 ἵππων
1765 4069 1824 4136 τόν
1835 4073 1966 4152 πρῶτον
1976 4070 2048 4134 δια·

160 4191 275 4267 φερειν
297 4173 409 4244 κάλλει
433 4224 465 4240 ..
489 4173 593 4244 adrat
615 4177 718 4264 Ζηνός
740 4169 930 4267 1ορόνξ43)
952 4179 984 4240 et
1005 4177 1087 4241 idem
1110 4179 1184 4240 sunt
1205 4179 1236 4240 et
1259 4195 1356 4256 equus
1372 4180 1403 4240 ct
1419 4176 1495 4241 deus
1512 4177 1612 4258 (εἶναι
1626 4176 1687 4263 γαρ
1704 4177 1806 4247 αὐτόν
1819 4176 1880 4267 ἤδη
1894 4178 2048 4264 τηνικάδε

160 4289 283 4365 ἁπλαῖς
314 4287 375 4375 τήν
405 4287 464 4355 τοῦ
495 4277 627 4376 ἡνιόχου
661 4297 716 4352 καὶ
749 4278 907 4353 δεσπότου
942 4280 1065 4377 ψυχήν,
1098 4277 1227 4372 μᾶλλον
1256 4290 1291 4356 δὲ
1318 4285 1399 4357 αὐτὸ
1428 4287 1466 4354 τό
1490 4291 1630 4378 φρονοῦν
1652 4290 1750 4372 §54).
1795 4289 1866 4352 Noli
1889 4291 1994 4353 autem
2015 4290 2046 4351 in

160 4397 369 4482 sequentibus
393 4415 430 4461 eo
451 4397 686 4479 comparationis
708 4400 797 4478 parte
819 4397 939 4460 turbari
961 4417 1040 4478 quae
1063 4399 1111 4462 est
1134 4397 1171 4460 de
1195 4398 1290 4478 equis.
1335 4398 1425 4462 Hanc
1447 4399 1529 4462 enim
1552 4399 1659 4462 credas
1681 4400 1784 4482 ipsum
1809 4399 1943 4462 Dionem
1968 4398 2048 4461 ritu-

159 4528 286 4596 perare‚
302 4528 373 4572 cum
389 4507 584 4571 audaciorem
599 4525 668 4572 eam
683 4525 750 4571 esse
766 4506 848 4570 dicat
864 4509 896 4570 et
912 4507 1047 4571 alienam
1063 4526 1081 4571 a
1098 4507 1285 4572 Graecorum
1301 4527 1385 4572 more
1401 4528 1472 4572 cum
1487 4509 1684 4591 persuasione
1696 4508 1909 4572 fabulantium.
1935 4509 2048 4572 Remo-

159 4637 296 4688 veamus
311 4619 406 4700 igitur
427 4637 552 4682 necesse
569 4621 624 4694 est
641 4620 676 4681 ut
691 4637 817 4682 sensum
832 4617 941 4682 Dionia
957 4637 1167 4699 assequamur,
1183 4638 1287 4700 equos,
1303 4619 1414 4699 quibus
1429 4620 1473 4682 illi
1488 4637 1556 4682 rem
1572 4619 1660 4700 quasi
1675 4620 1775 4682 velare
1790 4620 1913 4702 placuit.
1951 4621 2048 4700 Atqui

85 4783 88 4790 .
157 4735 304 4819 primum
337 4729 496 4793 videamus
530 4728 567 4792 de
599 4729 708 4792 mundi
736 4732 823 4810 parte
856 4729 984 4794 caelesti
1017 4730 1092 4792 sive·
1113 4731 1256 4796 aetheria.
1309 4729 1355 4792 De
1385 4731 1443 4794 bac
1473 4729 1555 4812 apud
1585 4729 1753 4793 Stobaeum
1782 4731 1818 4794 de
1848 4730 2043 4812 Chrysippo³l

159 4845 300 4911 breviter
315 4841 392 4904 haec
407 4839 495 4904 docet
509 4839 679 4924 Didymus:
703 4845 762 4908 τοῦ
783 4843 819 4908 δὲ
842 4841 928 4908 naum
952 4841 1010 4925 rq'v
1026 4840 1233 4928 διακόσμησιν
1249 4844 1419 4925 λεγομένου
1434 4841 1553 4926 κόσμου
1569 4840 1604 4905 τό
1620 4849 1679 4924 μέν
1694 4842 1780 4908 εἶναι
1797 4839 2047 4928 περιφερόμενον

322 5037 341 5097 ¹)
357 5033 385 5085 P.
405 5033 513 5101 Hagen
533 5033 701 5098 Quaestioues
719 5035 831 5087 Dioneae
849 5033 906 5085 Xiel
926 5031 992 5086 1887
1010 5051 1034 5103 p.
1054 5035 1086 5087 16
1104 5051 1141 5103 sq.
1742 4989 1747 4998 Ι
1953 4945 2113 5122 ᾜᾳι

321 5120 340 5186 ²)
357 5117 391 5173 H.
410 5119 446 5172 da
463 5119 575 5172 Arnim
593 5119 656 5171 libor
674 5119 715 5171 die
732 5117 1011 5183 Schril'tensammlung
1028 5119 1091 5172 Dios
1108 5137 1156 5172 von
1173 5119 1262 5174 Prusa.
1282 5119 1390 5172 Hermas
1408 5119 1504 5182 XXVI¹
1524 5121 1574 5174 366
1592 5139 1630 5190 eq.

320 5205 342 5270 ³)
361 5203 414 5264 Hel.
435 5203 490 5262 121
510 5221 535 5273 p.
556 5203 651 5266 184,12
668 5203 849 5268 waehsmutn
866 5205 963 5270 loona
982 5203 1054 5256 Diels
1072 5205 1183 5272 Doxogr.
