4844 6104
1282 505 1323 565 24

358 705 523 789 (principii)
546 705 670 769 nomine
692 705 738 768 uti
750 704 886 781 (388²6l,
910 705 1021 769 sivero
1048 707 1149 769 solum
1171 707 1208 770 de
1230 706 1290 770 fine
1313 706 1470 788 disputare
1492 705 1640 770 voluisset
1659 705 1789 784 3371228,
1811 725 1872 770 non
1901 709 2023 789 poterat
2044 707 2102 770 hoc
2130 724 2238 770 vocare

357 815 489 881 initium.
534 815 659 878 Accedit
682 814 762 896 quod
789 815 830 892 id,
853 815 902 878 oui
924 816 1022 906 ἀρχῆς
1044 834 1157 880 nomen
1182 816 1339 898 imposuit,
1362 835 1423 881 non
1447 815 1534 897 sequi
1556 815 1609 879 sed
1633 815 1833 898 ,praeoedere‘
1856 816 1931 880 dixit
1957 819 1988 880 et
2017 819 2129 895 ,11111
2159 835 2237 881 esse.

359 925 585 990 Gravissimum
597 927 701 988 autem
717 927 773 1002 est,
790 925 871 1006 quod
887 927 985 989 verbis
1001 925 1074 994 ἀλλ’
1097 926 1165 995 οὐδ’
1178 928 1215 1006 ἐξ
1235 924 1811 1008 11111111111111111111
1828 927 1867 990 ad
1883 927 2036 1010 posterius
2058 928 2238 1010 respexisse,

359 1035 413 1099 sed
434 1034 572 1115 intellegi
602 1034 714 1098 debent
743 1034 779 1098 de
809 1035 916 1117 priore.
971 1035 1183 1100 Grammatica
1211 1036 1293 1099 enim
1324 1036 1402 1100 ratio
1430 1035 1568 1118 postulat
1595 1072 1633 1081 -
1658 1035 1690 1098 id
1712 1036 1793 1116 quod
1816 1056 1906 1101 nemo
1929 1038 2062 1118 negabit
2092 1037 2144 1120 qui
2174 1057 2239 1102 111

359 1149 601 1227 praeoccupatus
617 1145 752 1210 adhaec
768 1146 981 1228 quaestionem
993 1146 1110 1210 accedit
1120 1183 1172 1225 -,
1184 1147 1220 1208 ut
1231 1146 1526 1228 post'praecedentia
1536 1146 1629 1209 verba
1641 1145 1699 1215 οὐκ
1711 1149 1802 1214 ἔσται
1818 1145 1944 1237 ἀνάγκη
1959 1149 1995 1216 τὸ
2012 1145 2143 1239 ὕστερον
2161 1146 2238 1215 1111

358 1262 515 1339 γενέσθαι
544 1253 670 1334 ἁπλῶς,
698 1257 737 1319 11
760 1275 796 1320 11
819 1275 898 1338 quae
921 1256 1028 1320 statim
1050 1260 1222 1338 sequnntur
1248 1256 1320 1324 ἀλλ’
1342 1253 1410 1326 odd’
1433 1259 1470 1336 ἐξ
1497 1254 1687 1334 ὑποθέσεως
1709 1260 1814 1321 mente
1842 1257 2022 1341 suppleatur
2050 1256 2178 1346 ἀνάγκη
2200 1258 2238 1324 τὸ

360 1363 526 1449 «ὕστερον
547 1364 622 1432 τόδε
644 1375 802 1449 γενέσθαι
825 1364 949 1446 ἁπλῶς.
993 1365 1085 1432 Unde
1116 1369 1356 1430 consentaneum
1380 1368 1436 1445 est,
1459 1366 1553 1429 verba
1584 1366 1621 1444 ἐξ
1641 1363 1833 1446 ὑποθέσεως
1861 1386 1923 1431 111
1953 1386 2043 1450 posse
2065 1366 2239 1448 significare

360 1473 477 1556 ,posito
493 1477 746 1556 posteriore“.
781 1475 937 1540 Posterius
952 1476 1043 1551 enim,
1061 1475 1098 1538 de
1114 1476 1201 1539 cuius
1224 1476 1407 1538 necessitate
1423 1475 1591 1556 quaeritur,
1614 1495 1675 1539 non
1695 1477 1798 1557 potest
1818 1476 1899 1540 idem
1922 1476 2133 1540 necessarium
2154 1476 2238 1558 poni.

360 1583 462 1662 Quare
474 1583 512 1646 ad
523 1585 608 1666 prins
630 1584 791 1650 referenda
813 1589 860 1649 est
881 1586 1070 1668 hypothesis
1093 1606 1154 1650 111
1178 1586 1216 1649 11
1238 1585 1399 1668 posterius.
1445 1584 1533 1663 Quod
1556 1585 1582 1648 si
1603 1604 1711 1649 verum
1740 1589 1797 1664 est,
1820 1588 1935 1650 corruit
1956 1587 2124 1652 Alexandri
2146 1605 2237 1667 argu-

360 1697 518 1760 mentatio.
562 1696 630 1760 Hoc
651 1697 734 1760 enim
756 1696 829 1759 dicit
850 1697 1049 1760 Aristoteles:
1074 1695 1121 1760 Ne
1145 1714 1317 1778 supponere
1341 1694 1467 1776 quidem
1497 1695 1569 1759 licet
1589 1695 1621 1759 id
1643 1696 1738 1777 prins,
1770 1715 1806 1759 ex
1828 1716 1889 1778 qno
1910 1697 2083 1761 necessario
2105 1696 2239 1780 pendeat

359 1806 520 1888 posterius.
543 1806 573 1869 N
575 1825 626 1870 am
641 1825 762 1889 semper
776 1806 918 1870 recedere
931 1809 1091 1888 oporteret.
1107 1805 1236 1888 Semper
1251 1806 1334 1869 enim
1349 1804 1528 1888 ponendum
1543 1805 1627 1886 prius
1640 1806 1723 1869 aliud
1735 1807 1820 1890 prius
1836 1808 2006 1889 praecedet,
2024 1827 2060 1888 ex
2076 1828 2136 1890 quo
2151 1808 2237 1870 illius

359 1919 527 1980 necessitas
553 1922 775 1998 consequatur;
799 1936 930 1998 quorum
956 1917 1169 1998 ponendorum
1191 1917 1328 1997 priorum
1350 1917 1445 1978 series
1468 1915 1542 1996 quia
1570 1919 1603 1978 in
1627 1915 1784 1980 infinitum
1810 1918 1882 1993 abit,
1907 1924 2035 2006 πρῶτον
2057 1916 2116 1986 οὐκ
2143 1919 2236 1985 ἔσται

273 2057 276 2064 ·
360 2023 464 2111 criden,
489 2030 528 2095 δι’
552 2025 571 2094 ὃ
593 2030 693 2096 deceno
716 2026 896 2110 α’ναγκαῐον
915 2036 1082 2111 γενέσθαι.
1126 2027 1226 2107 Igitur
1247 2027 1323 2089 baec
1344 2026 1436 2090 verba
1457 2029 1489 2089 et
1510 2045 1678 2106 congruere
1708 2027 1785 2090 mihi
1814 2028 1956 2092 videntur
1984 2047 2056 2091 cnm
2084 2026 2239 2110 prioribus

361 2139 456 2202 ctiam
471 2138 611 2218 neglecta
633 2138 793 2201 audaciore
816 2137 982 2200 Alexandri
1004 2137 1103 2225 ἀρχῆς
1124 2137 1375 2220 interpretatione
1397 2155 1498 2217 neque
1521 2140 1628 2200 111111
1642 2138 1818 2201 nniversam
1833 2137 1925 2201 huius
1940 2137 2048 2220 capitis
2064 2137 2237 2201 doctrinam

361 2266 508 2331 pugnare.
563 2248 679 2311 Dividit
711 2248 794 2311 eninr
826 2247 1007 2311 Aristoteles
1040 2266 1163 2311 omnem
1197 2247 1427 2328 generationem
1454 2248 1486 2309 in
1509 2246 1586 2310 duas
1607 2250 1720 2330 partes,
1744 2265 1876 2327 quarum
1899 2246 1998 2311 altera
2025 2265 2062 2311 ea
2090 2248 2238 2322 continet,

362 2378 440 2441 quse
476 2362 561 2422 recta
583 2358 631 2421 via
665 2365 760 2440 (καθ’
794 2356 893 2439 etet)
925 2359 1143 2440 propagantur,
1177 2359 1274 2420 altera
1295 2374 1340 2432 ea,
1375 2375 1454 2437 quae
1492 2358 1572 2421 orbis
1605 2359 1704 2421 instar
1743 2358 1921 2440 procedunt.
1977 2357 2079 2421 Huius
2113 2357 2237 2438 generis

361 2469 505 2533 caelestia
516 2472 591 2532 sunt
613 2471 644 2532 11
672 2486 715 2544 ea,
739 2487 818 2550 quae
839 2468 977 2550 pendent
998 2468 1212 2531 conelestibus
1234 2467 1396 2530 redeuntia
1417 2467 1508 2530 certis
1530 2468 1728 2549 temporibus,
1750 2467 1912 2531 orbiculari
1932 2470 2020 2531 motu
2041 2467 2232 2542 circumlata,

361 2579 542 2643 aeternitate
568 2579 716 2661 praedita,
745 2579 906 2642 nascentia
932 2597 968 2640 ex
992 2578 1184 2641 necessitate.
1227 2576 1287 2640 llla
1315 2577 1617 2658 comprehenduntur
1649 2579 1680 2640 et
1709 2577 1798 2641 finita
1826 2582 1858 2642 et
1884 2578 2011 2641 infinita
2069 2582 2171 2660 Atque
2199 2578 2238 2642 de

361 2689 543 2753 caelestibus
576 2688 714 2770 disputat
745 2688 815 2751 inde
848 2707 867 2750 1
899 2687 1028 2762 331133,
1062 2687 1098 2751 11
1131 2687 1239 2770 prioris
1266 2687 1386 2767 generis
1417 2687 1512 2750 finitis
1541 2687 1580 2751 ib.
1612 2688 1747 2750 29-32.
1797 2687 1882 2751 Η111
1912 2689 2015 2769 qualia
2036 2689 2100 2751 8111
2121 2689 2238 2771 optime

359 2801 534 2863 illustratur
555 2798 703 2880 exemplo,
738 2817 798 2879 quo
833 2783 980 2861 1111111
1020 2799 1251 2879 repraesentare
1291 2797 1486 2884 Aristoteles,
1520 2795 1760 2860 fundamentum
1792 2797 1858 2860 dico
1889 2801 1921 2861 et
1941 2797 2078 2861 domum.
2133 2801 2239 2879 Atque

361 2910 520 2974 aedificata
556 2909 646 2973 domo
679 2907 851 2972 necessario
883 2906 1022 2971 concludi
1058 2905 1298 2970 fundamentum
1335 2907 1426 2969 antea
1454 2906 1570 2969 iactum
1600 2925 1666 2970 1181
1695 2907 1726 2969 11
1755 2909 1916 2989 propatulo
1950 2910 2005 2971 est.
2063 2907 2123 2972 Sed
2156 2910 2239 2973 hanc

360 3020 587 3084 conclusionem
609 3037 709 3100 neque
731 3020 825 3098 negat
846 3018 1028 3081 Aristoteles
1051 3035 1151 3097 neque
1175 3015 1346 3080 accuratius
1369 3015 1517 3098 exposuit.
1574 3015 1689 3080 Contra
1715 3021 1823 3097 negat,
1858 3019 1979 3082 etiamsi
2007 3020 2167 3085 aedificata
2196 3021 2239 3084 sit

361 3131 481 3208 domus,
514 3133 596 3194 recte
625 3129 768 3193 contendi
798 3146 867 3191 eam
897 3146 968 3191 cum
997 3126 1181 3191 necessitate
1211 3143 1248 3188 ex
1278 3125 1478 3190 fundamento
1508 3129 1608 3189 ortam
1638 3146 1714 3205 esse,
1746 3128 1826 3210 quod
1861 3147 1975 3209 negare
2009 3130 2128 3208 debuit,
2163 3131 2238 3212 qnia

360 3241 567 3305 necessariam
595 3239 823 3320 generationem
853 3237 983 3302 eandem
1017 3257 1084 3301 esse
1115 3240 1208 3317 atque
1238 3239 1396 3299 aeternam
1417 3235 1521 3318 paullo
1543 3240 1614 3318 post
1642 3237 1740 3301 docet.
1792 3237 1974 3319 Numquam
2005 3240 2099 3319 igitur
2128 3259 2237 3304 earnm

360 3371 473 3426 rerum,
491 3368 569 3432 quae
585 3351 617 3412 et
631 3351 717 3412 recta
739 3348 787 3410 via
808 3347 979 3430 procedunt
1000 3351 1031 3411 et
1052 3347 1157 3410 finitae
1180 3349 1262 3424 sunt,
1285 3346 1368 3427 origo
1390 3348 1562 3410 necessaria
1589 3350 1645 3409 est.
1686 3347 1747 3411 Fac
1777 3349 1860 3411 enim
1882 3349 2053 3414 necessario
2077 3350 2238 3414 aedificata

361 3462 402 3525 sit
423 3461 547 3525 domus:
571 3461 597 3523 si
619 3478 680 3523 non
704 3477 824 3540 semper
846 3457 999 3521 aedificari
1022 3457 1178 3532 debuerat,
1203 3455 1351 3520 efficietur
1379 3460 1415 3520 ut
1437 3456 1576 3520 eiusdem
1591 3458 1635 3521 rei
1651 3461 1683 3522 11
1704 3460 1909 3523 contendatur
1931 3463 1963 3523 11
1984 3464 2115 3541 negetur
2137 3464 2237 3525 aeter-

360 3573 441 3636 nitas
464 3571 623 3656 (337b32).
676 3569 736 3632 Sed
760 3572 890 3650 quaerat
911 3568 1040 3632 11111181
1064 3567 1228 3649 quispiam,
1257 3585 1312 3630 cur
1333 3586 1395 3630 non
1418 3567 1509 3630 huius
1533 3585 1653 3648 qnoque
1675 3569 1879 3649 generationis
1901 3573 1932 3633 et
1955 3575 2059 3634 rectae
2085 3574 2116 3635 et
2129 3571 2240 3635 finitae

362 3681 543 3746 Aristoteles
565 3663 724 3761 negaverit
744 3679 975 3762 hypotheticam
998 3697 1092 3759 quam
1114 3677 1188 3741 dicit
1209 3677 1434 3741 necessitatem.
1478 3676 1567 3755 Quod
1589 3679 1665 3741 mihi
1695 3679 1820 3760 quidem
1845 3680 1912 3744 ideo
1941 3682 2076 3745 noluisse
2104 3681 2236 3754 videtur,

362 3794 434 3875 quia
454 3791 526 3874 poni
548 3791 656 3873 nequit
677 3791 761 3873 prius
783 3791 1000 3865 necessarium,
1025 3807 1060 3852 ex
1083 3807 1142 3869 qno
1163 3789 1316 3870 posterius
1338 3787 1511 3851 necessario
1532 3792 1747 3869 consequatur,
1770 3790 1830 3853 nisi
1852 3790 1889 3854 de
1911 3791 1964 3867 eis,
1981 3810 2061 3873 quae
2087 3792 2237 3872 gignendi

360 3903 543 3986 principium
565 3903 596 3963 in
619 3920 652 3964 se
675 3901 798 3965 habent.
843 3899 932 3978 Quod
955 3901 980 3962 si
1002 3917 1131 3981 poneres
1152 3897 1183 3960 in
1206 3897 1310 3974 finitis,
1333 3897 1410 3960 nihil
1430 3898 1502 3961 inde
1526 3901 1713 3979 sequeretur.

512 4013 645 4075 Restant
669 4011 752 4074 enim
779 4028 867 4090 quae,
890 4028 962 4073 cum
983 4008 1045 4072 fine
1068 4010 1194 4072 careant
1216 4009 1247 4070 et
1268 4010 1353 4071 recta
1375 4007 1424 4070 via
1444 4007 1620 4090 procedant
1643 4009 1788 4090 gignendi
1810 4009 1957 4076 facultate
1980 4012 2121 4094 praedita
2151 4015 2236 4094 sunt,

362 4141 493 4205 quorum
515 4122 662 4185 sollemne
690 4121 863 4202 exemplum
885 4123 933 4183 est
954 4122 1043 4203 pater
1064 4121 1095 4181 et
1116 4119 1207 4181 filius.
1252 4117 1337 4182 Haec
1359 4137 1396 4182 ea
1416 4119 1599 4184 necessitate
1623 4120 1773 4184 destituta
1794 4141 1871 4200 esse,
1896 4141 1975 4204 quae
1998 4123 2028 4186 in
2052 4125 2237 4188 caelestibus

361 4236 485 4296 tantum
517 4235 635 4313 regnat,
669 4251 730 4295 non
759 4230 941 4294 mirabimur
975 4249 1074 4311 neque
1102 4247 1241 4309 unquam
1275 4230 1333 4293 bac
1364 4230 1546 4293 necessitate
1581 4232 1719 4294 11111111
1752 4231 1843 4296 filius.
1894 4232 1996 4311 Quare
2025 4233 2083 4298 hoc
2112 4253 2237 4316 quoque

360 4347 500 4424 negatur,
524 4343 581 4406 etsi
593 4342 836 4424 supponentibus
858 4341 945 4404 nobis
966 4339 1066 4404 filium
1088 4340 1244 4420 quendam
1266 4358 1302 4402 ex
1323 4342 1410 4422 patre
1426 4342 1535 4404 natum
1551 4359 1629 4416 esse,
1653 4360 1724 4404 cnm
1740 4343 1923 4407 necessitate
1938 4364 2010 4408 eum
2025 4349 2136 4408 natum
2152 4363 2230 4409 esse.

360 4454 532 4517 Illustrabit
559 4453 688 4517 fortasse
717 4454 797 4516 hanc
824 4452 1054 4535 hypotheticam
1080 4451 1297 4514 necessitatem
1324 4451 1361 4514 de
1389 4451 1503 4516 Somno
1533 4454 1565 4515 et
1598 4451 1702 4532 vigilia
1731 4453 1869 4532 4551226,
1900 4454 1952 4517 ubi
1981 4456 2057 4519 haec
2084 4456 2235 4536 legimus:

361 4560 443 4632 ὥστε
458 4561 640 4647 ἀναγκαῖον
654 4564 776 4653 ἑκάστῳ
798 4569 865 4630 τῶν
887 4563 974 4654 ζῴων
996 4562 1159 4652 ύπάρχειν
1180 4563 1237 4630 τὸν
1259 4557 1373 4631 ὕπνον.
1398 4567 1479 4645 λέγω
1495 4566 1523 4631 d'
1540 4562 2090 4653 1ξύποθέστως1ἦνᾶνάγκην,ὃ’τι
2108 4573 2140 4633 el
2153 4567 2239 4645 ζῶον

361 4677 452 4743 ἔσται
476 4677 552 4761 ἔχον
587 4678 646 4764 τήν
673 4671 775 4743 usitari
800 4666 906 4760 φύσιν,
936 4675 972 4752 ἐξ
1000 4669 1143 4758 &aarum
1172 4673 1230 4740 τιν’
1263 4671 1423 4761 ὑπάρχειν
1452 4670 1543 4742 adrui
1572 4675 1631 4748 δεῖ,
1662 4684 1718 4740 καὶ
1749 4674 1870 4744 τούτων
1897 4675 2114 4765 ὑπαρχόντων
2138 4680 2235 4766 ἔτερα

362 4784 528 4876 ὑπάρχειν.
581 4785 715 4850 Somnus
744 4785 837 4865 igitur
858 4785 1049 4848 necessarius
1072 4802 1138 4847 esse
1161 4781 1272 4846 dicitnr
1294 4785 1330 4862 ἐξ
1351 4781 1547 4865 ὑποθέσεως,
1572 4785 1644 4865 quia
1668 4785 1766 4867 posito
1788 4785 1912 4849 homine
1927 4805 2051 4850 necesse
2072 4789 2120 4849 est
2141 4787 2240 4849 simul·

361 4915 505 4960 somnum
538 4915 615 4960 esse.
672 4895 782 4959 Nonne
817 4895 925 4959 eadem
952 4895 1135 4958 necessitate
1158 4912 1194 4957 ex
1222 4893 1345 4956 homine
1373 4911 1499 4956 somnus
1526 4895 1664 4957 nascitur
1693 4898 1725 4958 11
1753 4915 1789 4959 11
1810 4899 1898 4978 patre
1924 4896 2014 4972 filius,
2043 4897 2069 4959 si
2107 4898 2235 4978 quidem

361 5010 527 5088 utrumque
555 5006 772 5088 posuerimus?
806 5006 943 5070 Minime.
987 5005 1031 5069 Eo
1054 5004 1199 5068 differunt
1214 5003 1296 5066 enim
1319 5005 1350 5065 et
1372 5003 1461 5066 bomo
1485 5005 1584 5066 somni
1599 5023 1693 5068 causa
1707 5008 1739 5068 et
1753 5009 1839 5088 pater
1853 5007 1917 5084 filii,
1934 5007 2016 5089 quod
2032 5006 2057 5070 si
2073 5008 2233 5071 hominem

360 5117 497 5199 posuisti,
521 5136 645 5181 omnem
668 5118 755 5198 quasi
778 5117 945 5180 exhausisti
967 5116 1066 5180 somni
1087 5115 1212 5181 fontem.
1253 5115 1379 5178 Patrem
1406 5132 1466 5176 non
1494 5119 1580 5197 potes
1603 5115 1710 5180 eodem
1732 5116 1822 5180 modo
1851 5136 1965 5198 ponere
1995 5119 2039 5181 ita
2071 5122 2105 5183 ut
2127 5137 2239 5183 omnes
