4844 6104
1108 546 1146 607 21

1025 633 1225 640 ——-—-

192 752 316 837 μοταξυ
351 753 410 822 τοῦ
443 751 580 843 οἷπιιρου
612 761 780 836 γινομένου
815 753 893 813 etv.
918 751 938 811 4
960 752 1040 812 etv.
1065 749 1093 810 6.
1139 748 1230 813 Νυυυ
1251 746 1439 812 confidenter
1460 747 1557 810 scribo
1580 744 1650 816 οὐδ’
1672 745 1716 815 ἄν
1732 797 1763 810 ..
1786 753 1831 838 τῷ
1858 745 1962 838 μόνοις
1987 750 2065 816 τῶν

189 861 312 947 pecchi
334 863 376 929 το“
405 865 620 930 τελευταῖον
642 863 673 923 et
700 867 767 929 cciv
788 860 910 946 μεταξύ
938 866 997 929 τοῦ
1019 855 1078 945 [τε]
1088 857 1115 936 ¹)
1130 857 1274 948 οἷπιιρου.
1310 856 1423 921 Prioris
1447 856 1540 936 igitur
1556 857 1706 920 enuntiati
1725 856 1800 921 haec
1829 860 1876 921 est
1906 857 2063 940 apodosis:

192 971 296 1050 „Nihil
317 969 487 1034 necessario
507 969 544 1033 fit
566 971 636 1032 ante
659 969 786 1033 extremi
808 969 936 1032 totius
958 969 1046 1032 seriei
1068 969 1198 1032 membri
1221 970 1332 1042 ortum,
1357 967 1429 1048 quia
1444 969 1567 1030 tantum
1587 967 1678 1030 modo
1693 969 1863 1030 extremum
1886 968 2063 1031 membrum

191 1081 308 1145 mediae
332 1079 420 1144 seriei
442 1078 471 1162 (i.
490 1098 515 1143 e.
537 1079 567 1143 id
591 1079 776 1156 membrum,
800 1078 882 1160 quod
905 1081 1078 1142 extremum
1107 1079 1201 1142 totius
1230 1078 1318 1140 seriei
1346 1077 1512 1160 praecedit)
1534 1077 1749 1142 necessitatem
1771 1076 1884 1156 οἱπλῶς
1910 1077 2020 1159 accipit
2045 1095 2064 1139 a

190 1189 259 1266 line,
282 1190 308 1253 si
331 1188 456 1271 quidem
479 1189 536 1253 hoc
558 1192 730 1252 extremum
752 1188 967 1252 tantummodo
989 1188 1159 1252 necessario
1182 1187 1345 1269 gignitur.“
1398 1188 1508 1251 Moneo
1532 1190 1637 1250 autem
1659 1187 1739 1250 hanc
1761 1188 2063 1268 argumentationem

190 1299 327 1379 intellegi
348 1319 410 1363 non
438 1317 538 1381 posse,
559 1298 618 1360 nisi
641 1296 894 1361 animadverteris
916 1297 1096 1361 concludere
1119 1297 1243 1380 quidem
1265 1298 1475 1361 Alexandrum
1497 1317 1532 1360 ex
1554 1297 1666 1380 placito
1689 1297 1872 1360 Aristotelea
1899 1299 1934 1366 ἐν
1956 1298 2002 1375 οῖς
2023 1295 2062 1362 οδ

190 1408 322 1499 ὕστερον
344 1411 380 1488 ἐξ
402 1399 555 1492 α’νάγκης,
577 1410 613 1475 έν
634 1409 765 1486 ἐκείνοις
786 1405 898 1492 μόνοις
920 1404 1046 1491 ἀληθὲς
1069 1409 1106 1474 cd
1133 1413 1181 1472 »εἰ
1199 1408 1234 1474 τὸ
1257 1413 1394 1494 πρῶτον,
1419 1410 1454 1487 ἐξ
1475 1399 1619 1491 οἷνάγκης
1634 1407 1670 1473 τό
1688 1405 1849 1497 ὕστερονι,
1875 1407 1920 1470 ita
1934 1426 2013 1482 vero,
2029 1409 2065 1469 ut

190 1520 330 1583 consulto
358 1519 416 1582 boc
448 1519 575 1600 quidem
604 1517 819 1599 disputationis
851 1519 990 1598 tempore
1023 1517 1163 1598 neglecto
1196 1517 1254 1580 alio
1277 1516 1451 1580 Aristotelis
1476 1520 1637 1598 praecepto
1672 1519 1703 1580 et
1738 1517 1832 1581 finem
1870 1518 1927 1581 sibi
1960 1518 2065 1580 sumat

190 1647 257 1692 esse
289 1628 428 1691 infinitae
461 1627 548 1691 seriei
579 1630 610 1691 et
641 1627 772 1690 initium.
828 1627 969 1690 Breviter
1001 1625 1259 1709 comprehendam
1291 1626 1386 1689 totius
1417 1627 1691 1707 argumentationis
1718 1627 1856 1692 initium:
1901 1627 2065 1710 Adplicata

190 1738 364 1802 Aristotelis
386 1738 540 1802 sententia
569 1738 607 1801 ad
640 1737 792 1800 infinitam
822 1737 931 1801 seriem
961 1736 1100 1811 efficitur,
1131 1737 1168 1799 ut
1199 1735 1338 1800 omnium
1371 1736 1436 1800 eius
1465 1737 1676 1801 membromm
1708 1737 1784 1800 illud
1811 1741 1945 1810 tantum.
1980 1739 2061 1818 quod

191 1850 364 1912 extremum
380 1847 544 1930 praecedit,
560 1847 731 1911 necessario
747 1847 902 1928 gignatur.
936 1847 1019 1911 Nam
1041 1846 1244 1910 enecessario
1265 1845 1431 1927 posteriore
1460 1847 1575 1928 pendet
1602 1847 1710 1929 prioris
1740 1847 1916 1912 necessitas.
1967 1848 2066 1930 Atqui

191 1960 223 2022 in
244 1958 365 2021 infinita
387 1957 463 2021 serie
495 1958 647 2040 posterius
676 1974 738 2020 non
765 1956 928 2031 invenitur,
956 1957 1015 2020 nisi
1044 1959 1225 2020 extremum.
1269 1955 1370 2036 Igitur
1390 1955 1466 2019 illud
1490 1957 1613 2020 tantum
1634 1958 1844 2021 necessarium
1866 1961 1921 2023 est.

344 2075 436 2139 Nunc
450 2075 565 2150 videas,
578 2075 729 2157 quomodo
745 2075 905 2140 obscurato
929 2094 1023 2139 sensu
1044 2074 1136 2136 huius
1158 2072 1274 2155 periodi
1296 2073 1437 2138 saevierit
1457 2073 1488 2136 in
1505 2075 1704 2156 sequentibus
1719 2075 1915 2140 librariorum
1935 2076 2065 2152 inscitia,

193 2185 245 2268 qni
266 2192 325 2255 τοῦ
347 2189 400 2254 ἐπ’
424 2182 561 2276 ἄπυρον
583 2199 774 2270 γιγνομένου
796 2185 929 2268 pendere
959 2203 978 2248 a
1002 2189 1069 2252 τῶν
1096 2183 1222 2268 μεταξύ
1251 2201 1322 2246 oum
1344 2203 1405 2247 non
1431 2184 1661 2265 intellegerent,
1690 2185 1826 2267 primum
1853 2213 1887 2253 τε
1914 2186 2066 2268 particula

192 2299 414 2378 separaverunt
436 2295 639 2358 cohaerentia.
676 2294 795 2360 Deinde
817 2303 879 2380 μὲν
899 2293 1000 2363 ταύτὸ
1023 2295 1169 2362 τοιοῦτο
1191 2292 1234 2356 eis
1261 2292 1397 2370 debetur,
1423 2293 1558 2374 quinon
1581 2294 1725 2359 videbant
1750 2296 1889 2360 concludi
1916 2296 1973 2360 boc
1999 2297 2065 2360 loco

192 2405 404 2489 praecedentis
438 2405 569 2468 membri
603 2405 821 2468 necessitatem
853 2423 890 2467 ex
917 2403 1092 2485 posteriore.
1153 2402 1234 2465 Tum
1264 2402 1375 2465 excidit
1401 2405 1472 2466 ante
1500 2405 1563 2490 γοέρ
1593 2423 1629 2468 ea
1657 2424 1725 2481 vox,
1764 2424 1842 2486 quae
1880 2407 2066 2470 antecedens

192 2516 307 2600 ὁμοίως
323 2516 416 2580 certis
431 2514 543 2578 finibus
559 2515 848 2596 circumscripserat.
893 2511 1102 2576 insulsissime
1124 2514 1229 2575 autem
1250 2515 1463 2594 peccaverunt,
1492 2532 1564 2577 cum
1585 2514 1678 2578 verba
1693 2517 1764 2582 έπιῑ
1781 2518 1879 2601 μηδὲν
1894 2521 1959 2583 κτλ.
1976 2517 2015 2598 (v.
2025 2517 2067 2594 9),

192 2643 272 2707 quae
293 2625 497 2708 praemissam
521 2625 820 2704 argumentationem
835 2621 971 2686 refutare
994 2621 1153 2695 debebant
1169 2621 1257 2702 quasi
1272 2641 1398 2686 oausam
1413 2623 1485 2686 huic
1502 2623 1710 2688 adnecterent.
1740 2624 1830 2689 Unde
1845 2644 1934 2708 porro
1948 2625 2067 2690 lactum

192 2737 248 2812 est,
271 2739 308 2798 ut
329 2735 420 2798 huius
442 2733 557 2818 periodi
578 2734 711 2817 protasis
733 2735 983 2815 corrumperetur
1005 2735 1036 2795 et
1058 2731 1222 2814 apodoseos
1236 2732 1359 2794 initium
1375 2731 1598 2796 obscuraretur.
1631 2733 1692 2797 Sed
1707 2734 1818 2798 melius
1841 2737 1907 2810 erit,
1923 2739 2067 2799 sanatam

192 2845 357 2909 Alexandri
386 2845 692 2926 argumentationem
720 2844 834 2906 iterum
861 2843 1049 2925 propositam
1083 2841 1302 2904 commentario
1330 2843 1485 2924 persequi,
1515 2861 1575 2923 quo
1608 2843 1766 2926 apparebit
1792 2845 1869 2908 haec
1896 2845 2067 2910 minoribus

192 2955 334 3037 exceptis,
358 2955 395 3018 de
419 2955 530 3037 quibus
553 2954 702 3018 dubitatio
724 2955 829 3030 restat,
852 2971 913 3016 non
935 2971 1024 3034 posse
1047 2951 1136 3014 aliter
1157 2950 1255 3013 scribi.

548 3071 590 3130 Εἰ
609 3065 646 3130 έν
672 3065 718 3141 οῖς
752 3063 788 3130 τὸ
818 3060 948 3151 ὕστερον
976 3064 1012 3140 ἐξ
1042 3060 1193 3147 α’νάγκης,
1220 3062 1257 3128 έν
1285 3063 1419 3140 έκείνοις
1455 3061 1568 3146 μόνοις
1590 3058 1716 3146 α’ληιλὲς
1738 3065 1879 3149 δειχθείη
1900 3066 1936 3132 τὸ
1964 3072 2011 3132 »α’
2030 3066 2066 3133 τά

396 3175 534 3265 πρῶτον,
556 3175 593 3252 ἐξ
622 3165 762 3260 άνάγκης
786 3171 821 3238 τὸ
844 3169 1010 3259 imapum,
1034 3172 1089 3238 dni
1112 3171 1147 3237 δὲ
1168 3176 1225 3256 τη”ς
1252 3177 1297 3249 εἰς
1324 3167 1460 3261 ἄπειρον
1481 3184 1628 3254 γενέσεως
1649 3168 1707 3240 οὔκ
1731 3175 1797 3240 ι”οτι
1820 3175 1855 3240 τά
1879 3172 2009 3263 ὕστερον
2031 3177 2068 3254 ἐξ

399 3284 545 3370 άνάγκης
566 3289 612 3375 τῷ
632 3284 714 3370 μηδὲ
735 3290 887 3365 γίνεσθαι
904 3277 967 3366 [τὸ]
990 3278 1080 3363 αὐτό,
1109 3279 1176 3348 οὐδ’
1194 3277 1238 3347 ἄν
1256 3277 1316 3368 πρό
1345 3286 1404 3348 τοῦ
1426 3272 1566 3366 ἐσχάτου
1586 3295 1756 3367 γινομένου
1778 3281 1892 3361 οἱπλῶς
1914 3282 1957 3352 ἄν
1978 3313 2010 3352 τι
2032 3287 2068 3363 ἐξ

396 3394 540 3483 α’νοέγκης
556 3409 676 3478 γίνοιτο
692 3398 737 3482 τῷ
751 3392 916 3477 μόνωςτοῖ
923 3419 941 3461 ν
951 3391 1076 3476 pecchi
1092 3391 1138 3457 τό
1162 3393 1400 3458 τελευταῖον
1422 3391 1457 3458 τό
1475 3389 1653 3474 οἷναγκαῐον
1668 3391 1783 3473 ἁπλῶς
1799 3396 1885 3479 ἔχειν
1900 3392 1993 3487 παρά
2008 3401 2068 3464 τοῦ

395 3507 514 3584 τέλους,
537 3511 569 3570 ελ
589 3501 821 3581 τοῦτοάπλῶς
843 3502 879 3567 τά
902 3499 1077 3586 γινόμενον
1100 3502 1136 3579 έξ
1158 3497 1310 3585 α’νάγκης.
1339 3507 1370 3567 al
1387 3502 1450 3590 γάρ
1478 3502 1582 3570 έκεῖνο
1608 3503 1645 3582 ἐξ
1674 3501 1816 3587 άνοὶγιιης
1844 3503 1967 3583 ἁπλοῖς,
1997 3505 2069 3574 τότε

395 3627 451 3682 καὶ
471 3615 513 3681 τοὶ
537 3613 599 3704 πρὸ
623 3611 723 3682 αὐτοῦ
745 3613 782 3691 έξ
796 3609 946 3698 τῖνοὶγκης
969 3611 1070 3686 icem,
1093 3609 1160 3678 τοῖν
1186 3611 1309 3696 μεταξὺ
1331 3616 1388 3678 τοῦ
1414 3605 1478 3696 [τε]
1501 3613 1554 3680 ἐπ’
1578 3607 1717 3698 ἄπειρον
1737 3628 1905 3698 γινομένου
1936 3621 2069 3683 ἕκαστον

395 3727 431 3802 ἐξ
444 3722 632 3802 ὕποθέσειος
646 3722 682 3789 τὸ
698 3720 879 3803 α’ναγκαιον
894 3722 979 3807 ἔχον.
1003 3727 1033 3787 el
1044 3720 1108 3806 γάρ
1121 3720 1159 3786 ac*
1178 3723 1216 3788 ἓν
1231 3725 1393 3788 τοιοῦτο
1407 3721 1506 3798 ἔσται,
1522 3723 1572 3788 del
1584 3735 1639 3789 aui
1655 3728 1813 3791 τοιοῦτο
1830 3725 1935 3792 εἶναι
1950 3723 1991 3792 τό
2006 3726 2067 3811 προ

396 3830 508 3917 adacei,
538 3844 594 3900 καὶ
623 3831 738 3918 ὁμοίως
767 3830 869 3899 πάλιν
898 3832 1029 3896 έκεῖνο
1052 3827 1122 3911 τοῚ)
1145 3828 1324 3912 α’ναγκαῑον
1345 3835 1418 3910 ἕξει·
1441 3829 1685 3910 <άπλοῖς>
1707 3835 1771 3921 γάρ
1796 3836 1896 3901 έκεῖνο
1919 3834 2010 3901 ἔσται
2033 3837 2069 3914 ἐξ

396 3943 548 4029 οἷνάγκης,
576 3951 607 4010 el
632 3940 670 4010 τά
698 3938 780 4028 μετά
805 3945 909 4016 τοῦτο,
935 3951 990 4007 καὶ
1019 3936 1118 4019 οὕτως
1146 3931 1332 4028 προϊόντων.
1363 3942 1435 4007 ἐπεὶ
1461 3943 1603 4014 <δὲ>
1626 3945 1729 4030 μηδὲν
1754 3944 1891 4029 ἔσχατόν
1916 3947 1985 4012 dore
2010 3951 2070 4014 τοῦ

396 4051 545 4142 ἄπειρον,
570 4045 664 4124 (οὗ
686 4052 875 4130 ἁπλοῖς)
902 4052 939 4130 έξ
962 4043 1105 4138 α’νάγκης
1129 4051 1303 4135 μέλλοντος
1324 4057 1482 4133 γίνεσθαι,
1511 4048 1625 4131 ἅπλῶς
1648 4054 1684 4131 ἐξ
1706 4045 1848 4138 οἷνάγκης
1870 4057 1990 4138 ἐγένετο
2013 4067 2068 4123 καὶ

394 4165 436 4232 τά
468 4163 532 4252 πρὸ
562 4159 674 4245 αὐτοῦ,
702 4163 751 4241 οἶς
779 4161 884 4229 πάλιν
911 4162 948 4239 ἐξ
977 4159 1118 4249 α’νάγκης
1144 4174 1320 4246 γινομένοις
1349 4167 1455 4228 εἵπετο
1489 4173 1544 4230 καὶ
1576 4161 1612 4229 τά
1645 4168 1827 4234 τελευταῖον
1859 4168 1894 4244 ἕξ
1926 4159 2069 4256 α’νάγκης

395 4281 558 4357 γίνεσθαι,
582 4279 613 4338 ελ
625 4273 666 4339 τά
683 4276 810 4359 πρῶτα,
826 4269 928 4339 οὐκέτ’
950 4272 1004 4337 dni
1018 4269 1084 4338 τῶν
1100 4266 1181 4340 οὕτω
1196 4283 1372 4356 γινομένων
1387 4273 1478 4340 ἔσται
1495 4276 1612 4352 λαβεῖν
1627 4274 1685 4358 την
1699 4267 1852 4360 τοιαάτην
1868 4274 2071 4346 ἀκολουθίαν

394 4385 454 4472 τη“ν
480 4390 528 4450 ‘sl
547 4381 583 4449 τό
606 4387 741 4470 πρῶτον,
765 4383 801 4459 ἐξ
823 4379 967 4466 α’νάγκης
987 4381 1023 4448 τὸ
1047 4375 1206 4470 ἶῖοτερονι.

345 4493 453 4558 Sciens
474 4493 569 4574 igitur
595 4489 769 4554 Alexander
796 4489 874 4554 falso
897 4509 973 4554 usus
1005 4493 1072 4554 erat
1101 4491 1341 4571 argumentandi
1370 4490 1580 4558 fundamento.
1634 4492 1710 4557 Inde
1739 4498 1904 4577 postquam
1933 4496 2070 4560 infinitae

194 4606 281 4671 sen‘ei
304 4604 495 4688 paenultima
518 4603 656 4666 membro
679 4601 812 4684 sumpsit
834 4619 870 4664 ex
892 4601 1000 4666 ultimo
1022 4601 1238 4664 necessitatem
1261 4601 1434 4666 absolutam
1464 4603 1644 4679 redundare,
1673 4605 1789 4686 pergit:
1828 4605 1910 4668 Nam
1939 4607 1964 4668 si
1992 4607 2071 4670 illud

192 4716 417 4799 paenultimam
433 4712 548 4793 ἁπλῶς
563 4715 600 4792 A}
613 4705 755 4800 α’νοὶγκης
770 4714 827 4790 est,
851 4730 887 4774 ex
902 4711 1084 4776 necessitate.
1099 4714 1191 4774 erunt
1205 4730 1241 4775 ea
1256 4731 1376 4792 quoque
1391 4713 1531 4776 membra
1544 4714 1681 4777 infinitae
1697 4715 1795 4788 seriei,
1817 4733 1896 4796 quae
1912 4719 1985 4779 sunt
2000 4719 2071 4780 ante

192 4827 429 4910 paenultimam,
446 4825 489 4887 ita
504 4827 539 4886 nt
554 4824 676 4904 singula
690 4824 897 4906 suppositione
915 4825 966 4904 (ἐξ
981 4822 1187 4903 invasurae)
1203 4822 1421 4885 necessitatem
1437 4822 1578 4886 babeant.
1609 4823 1691 4887 Nam
1707 4825 1733 4888 si
1748 4844 1846 4888 unum
1861 4826 1923 4889 tale
1939 4828 1987 4890 est
2000 4827 2030 4909 (i.
2046 4845 2072 4895 e.

190 4939 230 5015 ἐξ
245 4934 409 5024 οἷνιίγκης)
433 4953 559 4998 necesse
582 4939 629 4998 est
651 4935 692 4998 sit
713 4936 808 4998 etiam
831 4934 1016 4998 antecedens
1039 4935 1115 5012 tale;
1138 4936 1174 5012 έξ
1197 4931 1341 5020 ἀνάγκης
1356 4932 1459 5012 igitur.
1500 4932 1559 4996 Sed
1582 4954 1642 4997 non
1667 4936 1767 4999 solum
1790 4937 1827 5014 ἐξ
1847 4926 1989 5026 ἀνάγκης
2004 4937 2072 5012 erit,

347 5105 366 5169 Ι)
383 5121 411 5156 τε
430 5102 482 5156 alia
498 5103 530 5156 de
547 5119 627 5156 causa
643 5102 778 5172 Spengelic
796 5119 896 5172 quoque
914 5101 997 5155 delere
1016 5101 1119 5173 placuit.

345 5191 367 5256 ²)
384 5189 423 5243 ita
441 5187 466 5241 in
483 5187 632 5240 Victoriano
649 5203 750 5257 quoque
768 5186 892 5256 scriptum
910 5189 956 5240 est.
