4844 6104
1088 509 1124 570 ll

162 711 393 774 enuntiatorum
415 710 515 792 paria:
539 713 685 794 λειφθεῖς
708 747 750 756 -
775 710 872 794 μὸνος
892 735 935 764 =
949 711 1051 780 τόπον
1072 747 1114 758 -
1136 704 1316 800 ἐμπλήσας,
1340 710 1439 791 αιἰτδς
1463 710 1611 796 πεφυκώς
1625 735 1667 765 =
1684 711 1836 798 πανταχῆ
1858 724 2040 795 κεχυμένος,

163 821 296 900 οὐδενος
314 856 354 866 -
374 824 566 905 λειφθέντος
581 845 623 874 -·
646 819 734 887 cilici
758 855 796 866 -
819 817 1008 908 μανότητος.
1060 821 1179 886 Deinde
1201 839 1250 885 res
1268 821 1335 902 ipsa
1353 820 1450 884 talem
1474 821 1660 884 sententiam
1689 820 1827 901 requirit,
1860 839 1938 902 quae
1959 822 2041 885 inter

162 930 270 995 laudes
291 949 414 994 summo
437 929 557 994 numini
578 930 749 993 adtributas
772 931 843 1012 apte
864 929 1028 996 inseratur.
1064 934 1168 1012 Atque
1183 950 1255 996 cum
1269 930 1404 995 secundo
1419 932 1530 1011 quarto
1545 933 1629 995 serto
1644 932 1708 996 colo
1730 931 1866 994 numinis
1887 932 2041 996 immensa

162 1040 306 1105 efferatur
333 1040 520 1122 propagatio,
547 1041 645 1122 prImo
672 1043 703 1102 et
726 1040 833 1120 quinto
860 1041 925 1103 eins
947 1041 1074 1123 puritas,
1105 1041 1284 1122 syllogismo
1305 1040 1367 1104 iere
1390 1041 1609 1106 mathematico
1638 1041 1777 1105 concludi
1804 1042 2038 1124 potestatium

162 1152 252 1215 tertio
281 1149 346 1216 colo
373 1151 423 1230 agi
449 1149 485 1213 de
511 1150 626 1213 mentis
656 1149 860 1231 simplicitate.
909 1150 1010 1232 Igitur
1046 1151 1143 1231 αὐτὸς
1175 1152 1323 1238 πεφυκώς
1354 1150 1446 1232 „ipse
1473 1152 1492 1216 i.
1516 1171 1542 1216 e.
1577 1171 1672 1234 purus
1700 1149 1828 1215 tactus“
1856 1152 1935 1216 bene
1964 1154 2040 1217 mibi

162 1261 322 1326 videbatur
343 1261 454 1343 opponi
480 1261 525 1350 τῷ
554 1259 727 1347 ,πανταχῆ
748 1265 948 1347 κιχομενος“.
999 1261 1087 1326 Addo
1115 1259 1230 1341 ἁπλοῖς
1259 1279 1371 1343 puram
1400 1279 1467 1326 esse
1493 1265 1632 1326 mentem
1662 1262 1720 1326 hoc
1742 1264 1867 1326 tantum
1889 1264 2038 1346 temporis

162 1374 329 1436 momento.
383 1369 459 1434 Post
488 1370 596 1432 mundi
627 1369 709 1434 enim
737 1371 923 1434 creationem
950 1390 1067 1436 numen
1095 1371 1235 1435 diuinum
1262 1373 1295 1434 in
1321 1371 1485 1436 vilissimas
1517 1390 1638 1456 quoque
1672 1391 1704 1436 se
1736 1373 1897 1436 insInnans
1925 1371 2041 1437 formas

162 1483 291 1565 pristina
313 1481 488 1546 sinceritate
511 1499 542 1543 se
564 1480 629 1562 ipse
652 1479 742 1545 exuit.

316 1624 464 1705 Sequitur
495 1624 714 1706 palingenesia,
738 1623 775 1687 de
797 1624 883 1687 cuius
907 1624 991 1687 initio
1020 1625 1083 1688 iam
1105 1625 1166 1688 diri
1194 1626 1292 1688 menti
1313 1643 1409 1707 purae
1431 1643 1485 1706 per
1512 1642 1618 1687 omnes
1645 1624 1777 1688 universi
1800 1629 1903 1708 partes
1926 1627 2040 1692 effusae

162 1735 349 1799 desiderium
370 1735 455 1797 nasci
476 1735 623 1816 pristinae
646 1734 885 1814 gubernationis.
932 1734 1020 1798 Idem
1042 1735 1204 1816 sequentia
1225 1735 1397 1799 accuratius
1421 1736 1591 1817 exponunt:

365 1847 470 1929 ἔρωτα
491 1841 531 1930 δη
554 1844 666 1923 λαβών
695 1850 750 1933 τῆς
772 1842 962 1933 ἡνιοχήσεως
985 1847 1107 1932 ἐκείνης
1128 1858 1183 1913 καῖ
1205 1843 1306 1935 οἷρχῆς
1327 1857 1383 1914 καὶ
1399 1845 1552 1931 ὁμονοίας
1574 1845 1683 1913 τόντε
1713 1851 1778 1913 τῶν
1801 1852 1895 1934 τριῶν
1916 1847 2041 1932 φύσεων

290 1940 294 1948 ’
364 1965 419 2020 καὶ
441 1952 535 2039 ἡλίου
557 1966 611 2021 καὶ
633 1952 764 2042 σελήνης
786 1964 841 2020 καὶ
863 1955 929 2020 τῶν
951 1951 1061 2024 ἄλλων
1075 1953 1201 2044 ἄστρων
1222 1954 1383 2024 ἁπάντων
1398 1984 1432 2022 τε
1450 1953 1562 2034 ἁπλῶς
1577 1954 1665 2046 ζῴων
1687 1966 1742 2023 καῖ
1762 1961 1879 2039 φυτῶν,
1896 1955 2040 2042 ὥρμησεν

364 2067 419 2131 dni
456 2064 490 2130 ιδ
519 2069 639 2146 γεννᾶν
669 2077 723 2131 καὶ
752 2066 918 2149 διανέμειν
954 2070 1075 2132 ἕκαστα
1108 2077 1163 2131 καὶ
1199 2067 1402 2154 δημιουργεῖν
1431 2066 1487 2133 τδν
1514 2061 1594 2132 ὅντα
1631 2071 1691 2134 νῦν
1721 2062 1851 2150 κόσμον,
1879 2069 1915 2145 ἐξ
1942 2065 2040 2158 α’ρχῆς

365 2175 449 2242 πολδ
473 2189 601 2262 κρείττω
623 2187 679 2241 καὶ
702 2166 927 2262 λαμπρότερον
949 2172 1008 2240 δι’τε
1030 2174 1192 2262 νεώτερον.

313 2317 407 2382 Vides
419 2323 558 2382 mentem
570 2319 803 2401 parturientem,
820 2319 876 2382 sed
887 2319 1026 2383 nondum
1047 2320 1228 2401 parientem.
1255 2317 1363 2400 Ipsum
1378 2319 1503 2399 partum
1518 2317 1594 2380 haec
1616 2319 1708 2382 verba
1730 2318 1951 2404 describunt(§
1965 2321 2037 2406 56):

366 2425 542 2516 α’στράψας
566 2431 601 2495 δὲ
625 2425 703 2497 ὅλον
725 2427 783 2498 οὐκ
812 2428 954 2497 ἄτακτον
983 2428 1057 2498 οὐδὲ
1080 2431 1235 2520 ῥυπαράν
1262 2427 1449 2515 α’στραπήν,
1479 2431 1534 2494 οἵα
1563 2425 1608 2496 dv
1628 2439 1786 2516 χειμέριος
1811 2431 2040 2515 ἐλαυνομένων

364 2539 550 2628 βιαιότερον
573 2540 731 2618 πολλάκις
754 2547 819 2607 τῶν
841 2547 947 2624 νεφῶν
969 2543 1088 2639 διῇξεν,
1110 2541 1194 2606 ἄλλα
1221 2539 1380 2625 καθαράν
1402 2549 1458 2603 καὶ
1480 2535 1583 2624 ἀμιγῆ
1605 2538 1728 2616 παντὸς
1749 2540 1926 2616 ωιοτεινοῦ,
1949 2553 2039 2626 μετέ-

365 2652 450 2729 βαλε
484 2651 602 2740 ῥᾳδίως
628 2645 699 2732 δι’μα
729 2650 769 2748 τῇ
790 2649 906 2736 νοήσει.
933 2659 1090 2738 μνησθεὶς
1121 2654 1157 2719 δὲ
1184 2649 1363 2742 Ἀφροδίτης
1390 2659 1446 2714 καῖ
1477 2659 1629 2729 γενέσεως
1665 2645 1810 2732 ἐπράυνε
1838 2660 1893 2716 καὶ
1921 2649 2040 2737 α’νῆκεν

366 2753 467 2826 αδτόν
488 2765 544 2825 καὶ
567 2756 654 2826 nota}
677 2765 735 2826 τοῦ
755 2761 859 2843 φωτὸς
883 2759 1070 2840 α’ποσβίσας
1093 2767 1135 2839 είς
1158 2757 1241 2846 α’ίρα
1268 2757 1403 2848 πυρολδη
1425 2770 1580 2845 τρέπεται
1604 2759 1707 2847 πυρδς
1729 2757 1835 2843 η’πίου.

224 2941 227 2946 >
314 2902 427 2966 Insunt
449 2903 480 2964 in
503 2903 561 2966 bac
583 2902 795 2984 descriptionis
818 2905 904 2985 parte
928 2903 1133 2978 difficultates,
1157 2921 1233 2983 quas
1255 2921 1317 2965 nou
1339 2901 1417 2964 mibi
1439 2900 1543 2964 videor
1564 2900 1654 2983 plane
1683 2902 1859 2965 removisse.
1910 2902 2040 2968 Constat

162 3013 245 3078 enirn
267 3032 303 3077 er
325 3012 587 3076 consentientibus
610 3012 647 3075 de
670 3013 781 3075 haere
804 3013 988 3077 testimoniis
1005 3015 1028 3096 ¹)
1048 3015 1093 3076 ita
1113 3013 1274 3094 procedere
1297 3011 1549 3095 palingenesiam,
1572 3013 1607 3072 ut
1628 3011 1765 3093 primum
1788 3012 1894 3076 aether
1921 3013 2038 3098 (mens)

162 3125 193 3186 in
214 3140 327 3197 aerem,
353 3121 462 3186 deinde
479 3141 532 3186 aer
550 3123 582 3185 in
605 3141 719 3204 aquam
735 3125 883 3198 mutetur,
905 3143 941 3187 ex
961 3143 1023 3205 qua
1044 3127 1146 3187 cetera
1160 3123 1336 3186 nascantur.
1381 3120 1527 3187 Consanus
1550 3141 1575 3186 e.
1592 3140 1620 3202 g.
1637 3121 1808 3202 Diogenem
1829 3121 2037 3206 scortumst)

161 3242 314 3316 γίνεσθαι
337 3235 372 3300 δὲ
396 3235 452 3303 τδν
473 3233 600 3318 κόσμον,
623 3229 706 3301 tvae
728 3235 765 3300 ἐκ
788 3235 890 3323 πυρδς
912 3233 933 3321 ἡ
957 3233 1051 3302 oriola
1073 3239 1182 3330 τραπῇ
1204 3235 1246 3300 δι’
1269 3233 1361 3320 δέρος
1383 3239 1427 3311 είς
1450 3231 1556 3320 δγρόν,
1578 3231 1649 3298 εἶτα
1672 3232 1708 3299 τὸ
1731 3240 1915 3322 παχυμερὲς
1936 3233 2039 3302 αὐτοῦ

162 3345 279 3428 συστδν
301 3341 512 3440 οἷποτελεσδῇ
534 3348 582 3431 γῆ,
607 3341 641 3410 εδ
665 3345 700 3410 δὲ
724 3349 917 3432 λεπτομερὲς
931 3345 1103 3442 ἐξαερωθῇ
1124 3355 1178 3410 καὶ
1198 3343 1285 3411 τοῦτ’
1308 3345 1363 3409 ἐπὶ
1391 3346 1495 3409 πλέον
1521 3344 1708 3410 λεπτυνθὲν
1736 3347 1801 3430 πῦρ
1823 3341 2038 3444 α’πογεννήοη·

162 3455 234 3518 εἶτα
256 3450 343 3519 κατα
366 3459 454 3537 μῖξιν
476 3456 511 3519 ἐκ
534 3453 655 3521 τούτων
677 3455 762 3537 φυτά
779 3483 814 3520 τε
825 3465 881 3520 καὶ
894 3458 958 3546 ζῷα
970 3467 1024 3521 καὶ
1047 3452 1087 3520 τοὶ
1099 3453 1188 3522 ἄλλα
1203 3467 1288 3541 γένη.
1322 3451 1548 3515 Totumlocurn
1565 3451 1718 3533 exscripsi,
1735 3453 1771 3513 ut
1785 3451 1888 3515 videas
1903 3453 2039 3534 primum

163 3581 229 3626 esse
249 3562 462 3642 coemogoniaa
477 3563 565 3643 quasi
580 3565 684 3626 actum
705 3565 819 3627 mentis
841 3564 872 3628 in
895 3583 999 3628 aerem
1014 3565 1243 3628 conversionem
1262 3563 1399 3643 nihilque
1421 3561 1611 3644 praecedere.
1649 3561 1823 3624 PraemIssa
1838 3563 1943 3626 autam
1957 3563 2040 3627 vide-

162 3678 213 3736 tur
232 3673 363 3737 aDione
385 3675 416 3736 et
430 3673 561 3736 mutatio
577 3674 691 3754 aliqua,
709 3675 796 3738 cuius
808 3676 921 3738 natura
941 3674 1114 3738 accuratius
1133 3693 1195 3736 nou
1210 3672 1391 3736 describitur
1412 3671 1617 3757 (μετέβαλε),
1641 3673 1673 3735 et
1686 3671 1837 3752 mitigatio
1854 3673 2037 3762 (inodora).

163 3783 230 3848 Noli
253 3787 357 3847 tamen
380 3783 503 3846 credere
525 3783 583 3847 boc
605 3801 623 3846 a
644 3783 744 3848 Dione
767 3787 915 3849 novatum
938 3803 1004 3849 esse
1019 3786 1126 3847 contra
1148 3783 1275 3847 Stoicos.
1312 3783 1412 3846 Immo
1428 3782 1486 3846 Dio
1502 3801 1622 3864 quoque
1637 3782 1708 3846 inde
1724 3799 1742 3844 a
1756 3782 1848 3846 verbo
1863 3780 2038 3872 α’στροὶψας

164 3897 200 3958 de
223 3896 324 3978 prima
345 3895 401 3957 illa
421 3895 502 3975 ignis
524 3895 555 3957 in
579 3913 682 3958 aerem
712 3895 885 3959 mutatione
915 3895 1068 3978 disputat,
1099 3895 1143 3957 ita
1166 3899 1286 3968 autem,
1310 3896 1346 3956 ut
1379 3896 1427 3956 ter
1449 3911 1519 3956 eam
1545 3892 1632 3956 nobis
1661 3896 1873 3974 repraesentet
1901 3894 2038 3957 veltres

161 4007 253 4069 liuius
275 4005 404 4070 aetionis
425 4007 528 4088 partes
550 4008 710 4088 proponat,
734 4023 812 4086 quae
835 4005 935 4070 verbis
960 4008 1085 4070 tantum
1113 4005 1268 4085 segregari
1289 4004 1429 4085 possunt,
1457 4022 1529 4066 cum
1555 4021 1589 4066 re
1618 4003 1686 4084 ipsa
1714 4003 1868 4066 artissime
1898 4005 1978 4068 inter
2004 4023 2037 4067 so

161 4116 362 4184 cohaereant:
384 4134 473 4179 mens
489 4115 573 4178 enim
587 4117 619 4178 in
642 4133 747 4180 aerem
769 4118 922 4180 transiens
945 4120 976 4180 st
997 4118 1138 4178 mutatur
1160 4117 1190 4177 et
1204 4114 1365 4195 mitigatur
1388 4115 1419 4176 et
1443 4113 1475 4175 in
1499 4131 1602 4177 aerem
1626 4113 1763 4176 vertitur.
1797 4113 1913 4194 Negari
1933 4117 2038 4178 autem

161 4228 271 4309 nequit
291 4225 480 4290 sententiam
502 4225 686 4308 apertiorem
707 4225 846 4290 futuram
869 4226 973 4303 fuisse,
998 4227 1023 4289 si
1045 4225 1218 4307 scripsisset
1239 4223 1298 4287 Dio
1319 4230 1477 4311 μνησθεὶς
1498 4221 1594 4313 γάρ,
1624 4242 1686 4286 non
1715 4232 1871 4309 μνησθεὶς
1893 4227 1938 4292 δέ.
1989 4224 2037 4288 Ita

161 4337 322 4420 sequentia
343 4335 504 4398 enuntiata
531 4353 682 4418 suspensa
707 4335 830 4399 fecisset
856 4355 875 4400 a
902 4336 1011 4419 priore.
1063 4335 1223 4409 Noluerim
1255 4336 1360 4396 autem
1389 4337 1511 4397 mutare
1538 4333 1619 4397 hanc
1646 4335 1801 4410 voculam,
1832 4353 1909 4414 quae
1938 4337 2038 4416 magis

161 4448 290 4511 tortasse
317 4445 433 4530 placuit
452 4445 552 4524 Dioni,
584 4445 671 4509 cuius
709 4446 739 4508 in
769 4447 827 4509 bac
857 4446 1001 4510 orationis
1027 4448 1115 4529 parte
1145 4463 1245 4508 sermo
1267 4449 1299 4507 et
1327 4444 1448 4508 solutus
1477 4446 1508 4506 et
1537 4443 1637 4507 elatus
1666 4444 1785 4508 redolet
1811 4445 2037 4525 quodammodo

161 4561 338 4621 nostrorum
366 4557 644 4620 ecclesiasticorum
666 4556 831 4620 dIctiouem
854 4557 989 4638 opimam
1020 4559 1051 4618 et
1073 4554 1292 4618 abundantem.
1330 4555 1399 4618 Duo
1419 4555 1580 4637 praeterea
1603 4555 1766 4634 adnotabo,
1788 4573 1851 4619 non
1873 4554 2036 4636 erpIIcabo.

163 4669 302 4732 Primum
325 4669 382 4732 boc
404 4670 459 4730 est
511 4667 627 4730 Mirum
648 4666 779 4731 fortasse
809 4686 870 4730 non
894 4669 942 4729 est
967 4669 1107 4730 mentem
1129 4666 1203 4728 dum
1231 4666 1297 4746 agit
1325 4665 1459 4746 fulgere,
1489 4664 1569 4746 ignis
1598 4665 1681 4728 enim
1710 4667 1765 4728 est.
1810 4664 1928 4727 Tamen
1961 4664 2038 4727 latet

162 4780 292 4844 fortasse
316 4780 373 4865 sub
400 4778 448 4840 his
475 4777 577 4841 verbis
606 4778 776 4842 frustulum
808 4777 927 4841 Stotcae
958 4777 1123 4850 doctrinae,
1147 4776 1234 4840 cuius
1263 4796 1313 4840 me
1340 4776 1420 4857 fugit
1445 4777 1562 4840 notitia.
1609 4775 1728 4840 Deinde
1761 4776 1874 4854 omnia,
1898 4793 1977 4856 quae
2000 4776 2037 4839 de

314 5050 335 5118 ¹)
353 5049 384 5102 ci.
403 5048 484 5102 Zollor
500 5048 518 5102 l.
537 5065 558 5102 c.
578 5048 628 5101 149
644 5047 702 5101 adn.
722 5049 746 5102 5.

313 5136 336 5202 ί)
354 5135 385 5188 ei.
404 5132 475 5198 VIII,
489 5133 538 5186 142
556 5151 580 5202 p.
599 5131 693 5198 189,40
710 5131 797 5186 Cobet.
