4844 6104
1318 527 1337 588 8

384 730 477 793 inane
499 747 633 792 raouum
656 729 704 792 sit.
750 727 896 793 Conferas
920 727 1049 792 Sextum
1071 728 1261 811 Empirieum
1271 731 1310 810 1);
1334 736 1363 797 ot
1391 738 1529 797 Στωικοί
1546 750 1624 813 φασι
1654 729 1772 798 κενόν
1792 736 1853 814 μὲν
1881 733 1967 798 εἶναι
1994 731 2032 797 τό
2063 729 2172 797 οῖόντε
2201 725 2270 797 tut

386 839 478 919 όντος
500 848 699 923 κατέχεσθαι
720 841 765 926 μή
788 840 1003 926 κατεχόμενον
1025 842 1082 908 δέ.
1101 890 1125 918 .,
1148 840 1278 908 τόπον
1300 842 1336 907 δὲ
1358 833 1520 926 διάστημα
1538 836 1602 906 dno*
1619 836 1710 917 ὄντος
1727 831 1944 926 κατεχόμενον
1965 851 2020 906 καῐ
2036 839 2270 924 ἐξισαζόμενον

384 956 430 1042 τῷ
458 961 626 1036 κατέχοντι
656 941 767 1026 αὐτόν,
792 997 799 1012 .
824 999 830 1012 .
855 941 985 1039 χάραν
1011 952 1047 1016 δὲ
1075 948 1238 1038 διάστημα
1266 950 1352 1016 κατά
1383 963 1442 1034 μέν
1471 976 1503 1014 τι
1532 947 1748 1033 κατεχόμενον
1776 948 1841 1018 όπό
1872 941 2029 1036 στόματος,
2053 952 2139 1019 κατά
2171 953 2210 1017 δέ
2235 979 2269 1016 τι

387 1060 686 1143 οἷκαθεκτοόμενον.
729 1059 799 1122 Iam
820 1078 890 1123 vero
912 1061 1070 1140 negabant
1092 1059 1184 1123 Stoici
1206 1060 1238 1122 in
1260 1059 1376 1123 mundo
1398 1062 1500 1123 orento
1521 1059 1621 1122 inesse
1643 1060 1744 1135 inane,
1770 1060 1928 1123 infinitum
1960 1079 2031 1124 vero
2053 1061 2168 1124 eireum
2187 1062 2269 1125 fines

386 1171 497 1235 mundi
511 1172 619 1249 iaoere,
641 1171 685 1233 ita
699 1171 736 1232 ut
751 1170 886 1233 alterum
909 1170 947 1233 ab
970 1170 1065 1233 altero
1086 1169 1255 1233 discretum
1269 1170 1320 1236 sit.
1353 1169 1582 1233 Tantummodo
1596 1169 1628 1232 in
1645 1169 1882 1250 conflagratione
1899 1173 1984 1234 entra
1999 1171 2108 1234 mundi
2122 1172 2199 1235 fines
2217 1192 2269 1235 en-

386 1283 513 1365 spatiari
536 1283 650 1363 ignem.
685 1281 731 1343 De
755 1299 817 1360 qua
838 1299 871 1343 re
894 1280 998 1343 videas
1020 1279 1276 1362 Pseudophilonis
1299 1280 1335 1343 de
1359 1280 1540 1343 aeternitate
1556 1281 1745 1354 libellum²):
1767 1279 1854 1365 όμοι
1871 1283 1998 1349 δοκοῦσι
2013 1293 2068 1348 καὶ
2083 1287 2114 1347 ot
2129 1289 2268 1350 Στωικοὶ

386 1392 593 1483 προιδόμενοι
616 1392 708 1459 κενόν
730 1386 866 1480 άπειρον
888 1391 975 1467 ἐκτός
1001 1396 1060 1458 τοῦ
1087 1389 1206 1474 κόσμου
1233 1396 1277 1482 τῷ
1303 1391 1385 1480 λόγῳ
1412 1395 1617 1468 καταλιπεῖν,
1641 1395 1681 1458 ἵν’
1704 1392 1815 1478 ἐπειδὴ
1847 1390 1943 1475 χόσιν
1971 1389 2163 1482 άπέραντόν
2194 1419 2267 1459 τινα

384 1505 501 1587 ἔμελλε
523 1502 696 1589 λήψεσθαι
718 1501 761 1588 μή
785 1497 893 1598 άπορῇ
918 1506 976 1568 τοῦ
998 1502 1169 1584 δεξομένου
1197 1514 1313 1588 χωρίου
1344 1497 1401 1586 τὴν
1428 1499 1596 1585 α’νάχυσιν.
1641 1499 1748 1563 Dionis
1778 1501 1873 1580 igitur
1903 1519 2001 1581 equus
2032 1501 2067 1579 si,
2098 1503 2268 1583 postquam

386 1614 523 1693 rehquos
546 1612 746 1693 consumpsit,
768 1611 940 1674 maximum
962 1610 1094 1673 laeum
1115 1595 1259 1692 (τόπον)
1284 1612 1413 1691 oooupat
1440 1609 1565 1673 maioris
1588 1609 1705 1691 spatii
1729 1611 1869 1697 (χώρας)
1898 1611 2038 1693 eupidm,
2062 1615 2167 1694 aperte
2188 1611 2268 1675 mihi

386 1724 507 1788 ridetur
530 1722 567 1786 ad
590 1723 671 1784 hane
692 1721 847 1784 doetrinae
869 1723 991 1802 partem
1014 1719 1143 1802 seriptor
1164 1720 1323 1802 respieere.

536 1832 641 1896 Etiam
663 1831 694 1894 in
718 1831 917 1910 sequentibus
939 1830 977 1892 de
1000 1828 1239 1910 conflagratione
1262 1827 1430 1914 disputavit
1445 1829 1503 1892 Dio
1526 1830 1663 1893 sednon
1686 1831 1729 1894 eis
1751 1831 1860 1907 verbis,
1885 1849 1964 1912 quae
1987 1833 2069 1914 apud
2084 1833 2267 1916 Emperium

383 1945 530 2026 leguntur
551 1941 584 2027 (ξ
601 1940 672 2024 54);

589 2043 683 2109 Κατά
711 2049 806 2111 τοῦτο
837 2044 872 2108 δὲ
901 2034 1067 2124 γενόμενοι
1096 2046 1153 2109 τοῦ
1175 2033 1270 2124 λόγου
1293 2043 1519 2109 δυσωποῦνται
1534 2045 1595 2127 τήν
1618 2041 1724 2128 αότήν
1738 2037 1954 2128 ἐπονομάζειν
1975 2051 2031 2112 τοῦ
2055 2038 2136 2135 ζῴου
2158 2036 2265 2130 φάσιν.

587 2156 673 2220 εἶναι
688 2155 751 2239 γάρ
773 2151 877 2221 αὐτόν
891 2150 952 2240 ἤδη
975 2143 1128 2240 τηνικάδε
1150 2149 1265 2228 άπλοῖς
1287 2151 1346 2234 τήν
1367 2157 1426 2218 τοῦ
1446 2149 1581 2236 ἡνιόχοιο
1602 2164 1657 2218 καὶ
1674 2144 1834 2221 δεσπότου
1851 2144 1967 2241 ψυχάν,
1982 2159 2108 2240 μᾶλλον
2131 2158 2166 2222 δὲ
2183 2155 2265 2226 αὐτό

586 2265 622 2330 τό
645 2269 785 2352 φρονοῦν
807 2273 863 2330 καὶ
885 2263 921 2328 τό
946 2261 1125 2349 ἡγούμενον
1148 2259 1256 2349 αὐτῆς.
1288 2258 1389 2338 οὕτως
1417 2263 1455 2349 δὴ
1478 2266 1612 2347 λέγομεν
1641 2274 1696 2328 καὶ
1718 2262 1808 2351 ἡμεῖς
1830 2266 1987 2349 τιμῶντες
2012 2277 2069 2330 καὶ
2094 2258 2264 2351 σεβόμενοι

586 2371 642 2441 τόν
663 2386 812 2457 μέγιστον
834 2373 920 2439 univ
941 2373 1045 2460 ἔργοις
1067 2399 1102 2437 τε
1124 2371 1267 2454 άχαθοῖς
1288 2383 1342 2437 καὶ
1365 2371 1506 2458 ῥήμασιν
1527 2370 1693 2458 εὐφήμοις.

537 2483 607 2547 Non
629 2482 762 2545 debebat
783 2481 946 2563 Emperius
968 2481 1061 2544 verba
1083 2479 1183 2561 οἷ’τως
1206 2499 1305 2561 usque
1328 2479 1368 2543 ad
1383 2472 1544 2568 εὐφήμοις,
1567 2499 1645 2560 quae
1660 2482 1762 2565 inepte
1777 2483 1961 2566 interpolata
1976 2502 2042 2547 esse
2063 2484 2126 2547 iam
2149 2485 2266 2550 Casan-

382 2596 482 2659 bonus
497 2593 581 2669 vidit
605 2593 670 2656 sine
692 2592 778 2656 obelo
800 2592 833 2654 in
854 2594 974 2654 textum
996 2591 1139 2673 reeipere.
1179 2589 1239 2655 Sed
1260 2591 1384 2654 initium
1403 2610 1524 2672 quoque
1546 2591 1731 2656 mendosum
1753 2594 1808 2659 est.
1853 2593 1936 2657 Nam
1959 2594 2031 2674 quid
2053 2597 2184 2659 veluerit
2206 2597 2266 2660 Dio

382 2704 598 2786 unusquisque
620 2703 719 2766 videt:
744 2702 778 2765 In
799 2703 858 2765 hae
879 2701 1002 2766 fabulae
1024 2705 1121 2783 parte,
1145 2720 1207 2781 qua
1229 2701 1268 2764 ad
1289 2701 1382 2765 unius
1403 2702 1483 2782 ignis
1504 2720 1638 2782 regnum
1659 2706 1841 2784 perventum
1865 2707 1920 2780 est,
1942 2706 2040 2768 vereri
2063 2707 2171 2787 Magos
2199 2709 2265 2770 ani-

383 2817 475 2880 malis
503 2833 617 2879 nomen
644 2815 700 2878 deo
730 2813 775 2876 ilii
805 2812 866 2876 sive
896 2813 1087 2876 substantiae
1115 2812 1281 2894 imponere.
1327 2810 1388 2876 Sed
1416 2813 1496 2875 hano
1517 2813 1705 2876 sententiam
1725 2833 1817 2877 nemo
1840 2833 1948 2894 graeoe
1971 2815 2013 2878 ita
2037 2815 2144 2880 reddet
2166 2819 2262 2885 δοσιν-

382 2933 524 2996 ποῦνται
546 2926 606 3011 τήν
629 2923 733 3012 αὐτόν
755 2915 973 3008 ἐπονομάζειν
993 2929 1052 2991 τοῦ
1076 2923 1157 3014 ζῴου
1179 2915 1284 3007 φόοιν.
1329 2921 1504 3002 Vestigium
1525 2924 1588 2985 veri
1611 2924 1744 2986 servarit
1765 2925 2036 2988 Mearmannianus
2068 2926 2170 3034 podex,
2201 2948 2262 2992 non

381 3040 468 3107 εἶναι
491 3034 554 3126 γάρ
577 3034 678 3104 αὐτόν
705 3032 802 3118 (quod
823 3033 967 3115 Emperio
988 3033 1118 3114 placuit)
1141 3033 1196 3096 sed
1218 3037 1303 3102 εἶναι
1326 3034 1388 3122 γάρ
1410 3031 1535 3116 αότην
1558 3052 1696 3115 pergens.
1735 3034 1814 3098 Puto
1839 3036 1921 3099 enim
1942 3037 2172 3100 restituendum
2195 3057 2263 3102 esse

383 3147 608 3216 δυσωποῦνται
630 3137 776 3230 ταύτην
797 3144 1016 3227 ἐπονομάζειν
1033 3142 1182 3217 <άπδ>
1198 3150 1256 3212 τοῦ
1279 3135 1358 3234 ζῴου
1381 3136 1487 3229 φάσιν,
1502 3144 1522 3209 i.
1537 3162 1563 3206 e.
1580 3145 1659 3207 hano
1681 3146 1888 3208 substantiam
1910 3146 2054 3210 dubitant
2075 3148 2113 3211 ab
2136 3148 2263 3212 animali

382 3258 554 3321 nominare.
598 3255 691 3319 Nune
713 3254 796 3318 enim
818 3272 837 3316 a
860 3253 1072 3334 gubernatoris
1097 3254 1201 3317 anima
1222 3273 1285 3318 non
1307 3253 1416 3318 differt.

516 3359 626 3429 'Nune
659 3384 729 3429 vero
763 3365 944 3447 priusquam
967 3383 1039 3428 oum
1071 3365 1170 3428 Dione
1204 3364 1242 3428 ad
1275 3364 1517 3447 palingenesiam
1548 3366 1657 3428 mundi
1679 3385 1735 3430 nos
1758 3369 1916 3430 vertamus
1937 3367 2131 3430 redeundum
2153 3372 2200 3432 est
2223 3371 2262 3434 ad

383 3481 403 3558 ξ
426 3477 550 3538 47-51
582 3475 635 3539 ubi
663 3475 700 3538 de
723 3477 766 3538 eis
788 3476 897 3538 mundi
925 3475 1019 3538 creati
1047 3474 1119 3538 fatis
1142 3475 1318 3557 disputatur
1340 3493 1427 3556 quae,
1449 3475 1521 3537 lieet
1542 3477 1643 3538 terrae
1665 3475 1788 3540 funeste
1811 3477 1882 3553 sint,
1905 3477 2086 3541 universum
2108 3497 2169 3542 non
2192 3499 2264 3544 eon-

347 3634 349 3643 τ
381 3587 508 3652 outiant.
544 3585 643 3651 Certis
666 3585 749 3648 enim
771 3585 961 3667 temporibus
983 3603 1020 3648 en
1041 3603 1093 3648 ore
1114 3585 1205 3667 primi
1229 3585 1299 3665 equi
1321 3584 1428 3647 fervidi
1450 3585 1628 3649 exoriuntur
1650 3586 1784 3669 spiritus.
1817 3587 1894 3651 Inde
1909 3588 2051 3652 insolitus
2067 3589 2149 3652 eelor
2164 3592 2263 3671 surgit

380 3701 476 3764 etiam
500 3697 533 3760 in
556 3697 652 3773 altero
674 3695 827 3776 tertioque
850 3714 928 3777 equo
949 3695 968 3757 i.
984 3714 1009 3758 e.
1033 3696 1065 3757 in
1089 3713 1158 3758 aere
1175 3697 1206 3758 et
1221 3713 1309 3776 aqua.
1344 3693 1454 3772 Quarti
1469 3698 1575 3760 autern
1592 3699 1623 3760 et
1637 3698 1860 3761 eomhuruntur
1875 3697 1974 3762 orines
1990 3703 2020 3761 et
2035 3718 2126 3763 omne
2142 3701 2263 3764 deletur

382 3809 609 3874 ornamentum.
654 3807 773 3870 Iterum
804 3805 870 3869 aliis
900 3805 1089 3887 temporibus
1118 3805 1246 3869 modum
1277 3805 1394 3870 excedit
1425 3805 1589 3888 Neptunus
1623 3809 1783 3888 multoque
1815 3808 1924 3873 sudore
1962 3810 2095 3873 inundat
2126 3811 2262 3875 vicinum

382 3938 506 4002 equum,
528 3922 654 3982 terrem.
694 3917 786 3980 Patet
806 3916 856 3979 hio
876 3914 1019 3979 incendia
1041 3917 1072 3978 et
1087 3915 1202 3979 diluvia
1223 3915 1323 3980 dooeri
1338 3916 1475 3997 legitimo
1490 3919 1627 4000 tempore
1642 3918 1812 3997 redeuntia,
1830 3920 1940 3999 quibus
1956 3925 2038 3983 terra
2053 3940 2114 3984 nen
2130 3921 2262 3986 diruitur

381 4031 436 4095 sed
459 4029 552 4107 silvis,
575 4027 724 4108 frugibus
747 4026 956 4090 animantibus
984 4027 1119 4091 orbatur.
1164 4029 1266 4108 Atque
1293 4046 1331 4090 ne
1354 4027 1481 4092 Graecis
1504 4028 1629 4108 quidem
1651 4030 1750 4093 omnis
1773 4031 1901 4094 evanuit
1923 4031 2014 4094 huius
2037 4031 2080 4094 rei
2102 4033 2260 4099 memoria.

380 4141 489 4205 Testes
511 4142 585 4204 sunt
606 4138 739 4202 ineendii
761 4137 931 4215 Phaethon,
955 4135 1061 4201 diluvii
1083 4137 1260 4200 Deucalion.
1306 4136 1365 4202 Sed
1390 4141 1495 4202 errant
1518 4138 1627 4204 Graeei
1648 4157 1717 4203 raro
1740 4140 1817 4203 haee
1839 4140 1973 4204 aecidere
1996 4140 2206 4206 existimantes
2230 4146 2263 4206 et

381 4253 489 4316 eontra
510 4250 704 4314 voluntatem
726 4248 881 4312 oreatoris.
925 4247 1027 4312 Immo
1049 4267 1141 4331 saepe
1164 4248 1309 4311 eveniunt
1330 4248 1501 4331 imperante
1523 4247 1579 4312 deo
1601 4249 1711 4312 mundi
1732 4253 1849 4314 rectore
1862 4251 1896 4334 ³).

533 4402 555 4466 ¹)
574 4401 605 4454 ei.
623 4399 714 4468 Pyrrh.
733 4398 800 4468 Hyp.
819 4398 931 4465 111,124
948 4399 1057 4452 citatum
1074 4415 1090 4452 a
1108 4397 1219 4452 Dieleaio
1235 4399 1252 4453 l.
1271 4415 1292 4451 c.
1310 4415 1334 4468 p.
1352 4399 1411 4466 460,
1428 4401 1473 4454 ubi
1492 4400 1525 4454 oi.
1543 4400 1574 4454 de
1592 4399 1736 4471 Chrysippo
1753 4403 1902 4456 referentem
1922 4401 2070 4471 Didymnm.

532 4487 553 4550 ⁸)
572 4485 603 4539 ei.
622 4484 664 4537 Pe.
683 4484 750 4538 Phil.
769 4482 801 4536 da
819 4487 867 4538 aet.
887 4483 977 4536 mundi
994 4501 1019 4552 p.
1040 4481 1118 4544 258.5
1136 4483 1176 4538 ed.
1194 4483 1317 4552 Barnays.

531 4573 553 4632 ³)
572 4566 602 4622 τό
620 4570 676 4639 μέν
693 4561 744 4621 odo
763 4564 828 4621 πολά
847 4572 907 4638 μετ’
926 4565 1035 4639 εέρήνης
1051 4569 1096 4620 καὶ
1114 4568 1204 4636 φιλίας
1221 4569 1393 4621 διατελοῦσιν
1410 4568 1539 4637 α’βλαβεῖς
1557 4565 1603 4622 εἶπ’
1616 4565 1748 4635 άλλήλιον.
1766 4571 1819 4637 ἤδη
1834 4574 1868 4626 δέ
1880 4591 1942 4626 ποτε
1962 4574 1993 4626 ἐν
2007 4571 2090 4642 μήκει
2101 4570 2204 4644 χρόνον
2216 4575 2261 4624 καλ

379 4657 490 4716 πολλαῖς
509 4652 646 4726 περιόδοις
665 4650 780 4725 ἰσχυρόν
798 4650 896 4724 άσθμα
913 4659 960 4705 τοῦ
978 4651 1085 4722 πρώτου
1105 4650 1257 4725 προσπεσόν
1268 4647 1438 4718 όνωθεν,οἷα
1450 4652 1486 4720 δη
1504 4657 1681 4725 θυμοειδοῦς,
1695 4657 1830 4726 ἐθέρμηνε
1846 4654 1907 4718 τοός
1918 4659 2020 4720 ἄλλους,
2034 4653 2220 4728 σφοδρότερόν
2229 4677 2260 4726 γε

376 4738 435 4812 μην
460 4737 509 4793 τόν
532 4741 694 4803 τελευταῖον,
718 4736 768 4802 την
790 4757 816 4791 τε
843 4735 880 4801 dai
903 4746 1004 4808 χαίτην
1027 4739 1200 4807 περιέφλεξεν
1218 4733 1311 4802 edred,
1335 4728 1353 4810 ,d
1374 4735 1491 4807 μάλιστα
1516 4734 1654 4806 ἠγάλλετο,
1673 4743 1718 4792 καὶ
1741 4736 1790 4794 τόν
1808 4735 1917 4794 άπαντα
1941 4737 2052 4810 κόσμον.
2077 4741 2204 4793 τοῦτοδὲ
2229 4734 2261 4794 τό

378 4825 469 4886 πάθος
487 4818 700 4886 άπαξἛλληνας
717 4820 944 4893 μνημονεύοντάς
961 4840 1028 4892 φασι
1049 4827 1192 4875 Φαέθοντι
1211 4821 1385 4888 προσάπτειν,
1413 4822 1445 4876 ον’
1463 4825 1636 4894 δυναμένους
1653 4830 1815 4896 μέμφεσθαι
1833 4825 1883 4891 τη“ν
1902 4823 1962 4886 Διός
1985 4820 2132 4896 η’νιόχησιν
2150 4823 2211 4885 τοός
2233 4846 2260 4878 τε

376 4905 466 4964 Ἡλίου
490 4904 610 4982 δρόμους
638 4909 686 4963 οόιι
714 4909 858 4968 ἐθέλοντας
882 4913 989 4976 ψέγειν.
1018 4906 1065 4960 διό
1084 4924 1153 4978 φασι
1175 4905 1306 4978 νετότερον
1325 4906 1448 4978 η’νέοχον,
1466 4902 1559 4960 Ἠλίου
1583 4911 1672 4961 παῖδα
1700 4906 1812 4974 θνητόν,
1837 4909 2048 4982 ἐπιθυμήσαντα
2070 4913 2191 4983 χαλεπῆς
2213 4915 2261 4964 καὶ

377 4994 540 5067 α’συμφόρου
560 4995 628 5046 πάσι
644 4997 702 5053 τοῖς
720 4995 833 5056 θνητοῖς
852 4994 972 5054 παιδιάς,
993 4991 1179 5063 αἰτησάμενον
1197 4989 1270 5064 παρά
1289 4998 1336 5045 τοῦ
1355 4990 1454 5058 πατρός
1472 4994 1613 5057 ἐπιστῆναι
1631 4995 1669 5065 τῷ
1687 4999 1788 5068 δίφρῳ,
1813 4994 1967 5066 φερόμενόν
1985 5015 2012 5048 τε
2031 4995 2151 5057 άτάκτως
2170 4994 2261 5048 πάντα

377 5083 542 5151 καταφλέξαι
560 5082 615 5151 ζῷα
632 5081 678 5131 καὶ
695 5076 775 5148 φυτά,
793 5079 840 5130 καλ
861 5080 934 5137 τέλος
955 5075 1039 5131 αδτόν
1062 5078 1257 5149 διαφθαρῆναι
1281 5079 1418 5148 πληγέντα
1440 5075 1490 5131 όπό
1515 5087 1666 5148 κρείττονος
1684 5080 1772 5154 πυρός.
1801 5080 1884 5134 πάλιν
1909 5082 1940 5133 δι’
1964 5080 2030 5134 ὅταν
2053 5079 2101 5135 διά
2126 5075 2261 5134 πλειόνων

377 5166 446 5218 ἐτοῖν
465 5159 481 5216 ό
499 5170 629 5235 Νυμφῶν
646 5165 692 5216 καλ
709 5166 883 5224 Ποσειδῶνος
901 5160 972 5234 ἱερός
990 5165 1077 5224 ποῑλος
1094 5163 1232 5232 ἐπαναστῇ
1250 5160 1321 5235 παρά
1341 5161 1371 5216 τό
1393 5162 1512 5228 σόνηθες
1531 5159 1690 5234 άχτονιάαας
1710 5169 1757 5218 καλ
1776 5168 1924 5236 ταραχθεὶς
1942 5167 2041 5230 λδροῖτι
2065 5169 2153 5240 πολλῷ
2177 5186 2261 5219 κατα-
